3714 5298
695 469 1041 541 mesonma-roo).

355 644 444 711 Ecce
465 643 549 710 libet
571 644 697 711 subitos
718 646 824 727 pisces
847 647 1083 729 Tyrrhenaque
1108 653 1254 714 monstra
1376 669 1378 674 ’

402 750 534 818 Dicere:
558 753 615 817 sed
638 769 703 817 non
726 756 777 818 est
800 752 952 818 carminis
974 752 1070 820 huius
1094 772 1183 837 opus.

359 857 518 924 Carminis
541 857 637 924 huius
660 875 741 939 opus
764 877 881 925 causas
904 877 1100 942 expromere,
1124 880 1225 942 quare

405 963 490 1030 Vilis
513 982 595 1031 anus
617 965 753 1046 populos
776 967 819 1030 ad
841 983 901 1032 sua
923 964 991 1030 liba
1013 971 1118 1032 vocet.

316 1093 343 1134 15
358 1070 447 1136 Ante
469 1075 543 1137 tuos
566 1075 659 1136 ortus
681 1089 761 1136 arae
782 1071 853 1137 sine
876 1072 998 1138 honore
1020 1071 1163 1157 fuerumt,

405 1176 515 1260 Liber,
539 1176 630 1242 etin
653 1177 771 1260 gelidis
793 1178 898 1243 herba
920 1183 1054 1259 reperta
1076 1178 1165 1245 focis.

361 1284 409 1349 Te
431 1287 613 1348 memorant
635 1283 751 1366 Gange
773 1288 908 1365 totoque
931 1284 1057 1350 oriente
1080 1284 1217 1352 subacto

405 1388 577 1455 Primitiae
598 1407 716 1472 magno
740 1391 922 1471 seposuisse
944 1391 1026 1458 Iovi.
1130 1423 1131 1426 ¹

363 1494 521 1562 Ginnama
543 1499 582 1560 tu
603 1496 727 1576 primns
750 1496 949 1578 captivaque
970 1501 1049 1562 tura
1071 1498 1191 1564 dedisti

319 1627 347 1667 20
406 1602 521 1682 Deque
543 1602 746 1683 triumphato
769 1603 898 1668 viscera
920 1607 1011 1668 tosta
1032 1603 1125 1670 bove.

364 1707 501 1774 Nomine
524 1708 567 1772 ab
590 1707 734 1774 auctoris
757 1708 881 1773 ducunt
903 1707 1062 1774 libamina
1084 1727 1199 1775 nomen

409 1813 568 1896 Libaque,
591 1816 677 1894 quod
700 1813 803 1879 sacris
825 1831 904 1894 pars
927 1816 1026 1879 datur
1048 1815 1124 1881 inde
1146 1814 1234 1881 focis.

364 1919 450 1986 Liba
473 1920 534 1985 deo
555 1920 647 2003 finnt,
670 1920 756 1985 sucis
779 1921 857 2000 quia
881 1916 1035 1988 dulcibus
1051 1922 1136 1987 idem

412 2025 553 2109 Gaudet,
569 2030 612 2100 et
635 2044 655 2090 a
677 2023 808 2092 Baccho
830 2026 929 2092 mella
951 2032 1084 2110 reperta
1107 2026 1227 2093 ferunt.
1273 2043 1274 2048 ’

322 2158 350 2200 25
364 2132 443 2199 Ibat
465 2133 624 2198 harenoso
647 2132 770 2216 satyris
793 2134 968 2199 comitatus
991 2135 1034 2200 ab
1057 2134 1178 2216 Hebro,
1200 2167 1246 2182 —-

411 2239 485 2305 Non
506 2239 609 2304 babet
631 2239 781 2322 ingratos
803 2239 920 2305 fabula
941 2245 1056 2306 nostra
1077 2240 1167 2306 iocos·
1186 2277 1233 2300 ,-

368 2346 503 2426 Iamque
526 2351 600 2412 erat
622 2348 667 2411 ad
687 2346 869 2427 Rhodopen
888 2346 1110 2429 Pangaeaque
1131 2345 1248 2412 florida
1269 2349 1413 2428 ventum,

413 2451 587 2518 Aeriierae
609 2453 761 2520 comitum
785 2470 1001 2533 concrepuere
1023 2471 1147 2518 manus.

369 2558 456 2623 Ecce
477 2575 584 2624 novae
607 2563 724 2624 coeunt
746 2558 896 2624 volucres
918 2559 1094 2624 tinnitibus
1118 2563 1222 2641 actae,

325 2690 353 2730 ao
414 2664 567 2747 Quosque
588 2669 721 2732 movent
744 2665 870 2730 sonitus
893 2683 980 2746 aera,
1002 2669 1184 2745 sequuntur
1207 2681 1294 2746 apes,

371 2770 514 2853 Colligit.
527 2774 677 2836 errantes
700 2775 735 2837 et
756 2770 791 2837 in
814 2772 934 2837 arbore
956 2771 1081 2837 claudit
1103 2771 1196 2836 inani

415 2877 526 2961 Liber,
549 2882 584 2942 et
605 2875 735 2945 inventi
757 2878 905 2959 praemia
926 2877 1032 2943 mellis
1054 2877 1164 2942 habet.

371 2984 420 3052 Ut
441 2984 549 3067 satyri
570 2985 719 3064 levisque
741 3002 841 3050 senex
863 2983 1006 3066 tetigere
1028 3000 1185 3066 saporem,

418 3089 630 3172 Quaerebant
652 3090 755 3156 flavos
778 3109 837 3172 per
859 3108 972 3157 nemus
995 3107 1088 3155 omne
1111 3087 1214 3157 favos.

257 3193 262 3202 ’
329 3221 356 3264 aa
371 3197 475 3262 Audit
497 3196 533 3262 in
555 3213 654 3262 exesa
676 3196 848 3262 stridorem
872 3196 1031 3262 examinis
1053 3193 1149 3278 ulmo,

418 3302 549 3384 Aspicit
571 3307 606 3368 et
628 3319 721 3368 ceras
745 3301 992 3382 dissimulatque
1015 3319 1130 3383 senex3

374 3410 486 3490 thue
507 3409 603 3492 piger
623 3409 725 3490 pandi
747 3413 841 3491 tergo
864 3409 1031 3475 residebat
1054 3406 1156 3490 aselli,

420 3515 578 3602 Applicat
599 3514 686 3581 hunc
708 3515 794 3582 ulmo
818 3499 1056 3594 corticibusque
1079 3513 1179 3579 cavis.

377 3622 534 3689 Constitit
555 3621 626 3703 ipse
648 3639 746 3702 super
768 3639 894 3687 ramoso
917 3621 1032 3701 stipite
1054 3619 1158 3701 nixus

331 3757 361 3796 ro
420 3728 531 3808 Atque
554 3729 651 3796 avide
673 3732 790 3793 trunco
814 3728 947 3793 condita
966 3726 1065 3792 mella
1087 3725 1182 3806 petit.

297 3904 343 3959 11.
379 3901 512 3958 Gemeint
535 3901 571 3954 ist
594 3901 640 3955 die
658 3900 870 3970 Vernandlung
966 3899 1012 3953 29.
1048 3890 1536 3970 cocae]neuerscheffen,rgl.V.24;

245 3972 469 4057 'dyrrheniecher
482 3969 609 4039 Schiffer,
630 3967 869 4092 immittent·
914 3968 1037 4052 gemeint
1064 3967 1126 4019 sind
1153 3965 1199 4018 die
1227 3963 1344 4018 Bienen.
1370 3991 1404 4002 -
1430 3962 1537 4029 caecat]

244 4043 339 4098 lichen
351 4042 481 4097 Bacchus
499 4057 596 4111 wagan
614 4055 705 4093 semer
717 4038 752 4093 Sc
773 4039 871 4092 onhert
914 4037 1095 4090 schwarmen.

246 4113 396 4168 entfiihren
422 4111 481 4164 und
507 4109 663 4164 verkaufen
687 4109 814 4177 naliter,
841 4108 870 4161 in
967 4124 1014 4179 31,
1050 4122 1147 4190 imi]
1165 4119 1243 4174 hohp,
1358 4155 1359 4162 ,

245 4182 491 4318 Delfffnwt]
506 4177 736 4318 fflffiffenden·
968 4211 1014 4264 33.
1050 4209 1117 4262 lcois
1128 4205 1220 4278 acccc]
1237 4205 1354 4260 Silenus.
1367 4235 1402 4245 —
1416 4205 1539 4274 tatiqere]

300 4321 345 4377 rs.
376 4320 530 4391 permacra]
563 4319 609 4372 ure
639 4316 779 4389 marriage
811 4317 872 4386 <aar
918 4275 1518 4378 ntimlichdentaoderiingu22‚110⁸th

247 4390 359 4459 Remi
969 4365 1015 4421 38.
1051 4363 1187 4434 oppleant]
1205 4363 1292 4416 merbt
1310 4361 1408 4416 heran.
1488 4393 1492 4400 ·

300 4459 347 4515 28.
381 4457 587 4528 fiunt]werden
600 4447 871 4527 ihm³dargebraoht
969 4443 1016 4507 db.
1051 4453 1143 4521 super]
1156 4448 1278 4503 ndmlich
1294 4448 1348 4502 auf
1357 4448 1409 4502 den
1422 4447 1539 4501 Riicken

301 4528 348 4584 28.
382 4529 531 4596 ceriferae]
549 4525 688 4596 Cymbeln
705 4525 763 4578 und
776 4524 872 4578 Hand·
917 4524 966 4576 des
985 4521 1070 4575 Esels.

249 4597 363 4671 peuken
383 4597 550 4669 (tympana).
785 4625 789 4634 ·
922 4619 926 4626 ·
945 4631 949 4638 .
