3716 5292
321 490 383 554 114
858 497 976 552 Zweiter
998 497 1069 551 Teil.

453 663 547 729 Nunc
569 663 681 745 procul
705 681 725 727 a
747 660 859 743 patria
882 660 1008 727 Geticis
1031 660 1247 727 circumsonor
1270 661 1377 742 armis,

498 768 606 836 Multa
628 768 719 849 prius
741 767 858 849 pelago
881 767 1050 848 multaque
1072 785 1188 849 passus
1211 767 1316 832 humo.
1460 759 1462 766 '

455 876 532 942 Sive
554 874 633 940 mihi
657 891 752 940 casus
775 872 846 939 sive
868 872 928 938 hoc
951 874 1042 939 dedit
1064 874 1115 940 ira
1138 876 1278 956 deorum,

499 981 620 1047 Nubila
643 979 791 1046 nascenti
814 997 872 1045 seu
893 979 973 1044 mihi
995 981 1103 1045 Parca
1126 979 1199 1063 ruit,

411 1111 437 1152 ιο
454 1089 504 1154 Tu
528 1092 637 1153 tamen
662 1104 679 1150 e
702 1086 805 1151 sacris
828 1086 968 1152 hederae
995 1087 1174 1152 cultoribus
1197 1104 1295 1151 unum

500 1193 638 1260 Numine
661 1192 820 1257 debueras
842 1192 1034 1258 sustinuisse
1057 1197 1123 1258 tuo.

455 1301 508 1367 An
531 1299 678 1364 dominae
701 1297 764 1362 fati
788 1297 940 1377 quicquid
963 1299 1109 1364 cecinere
1132 1317 1267 1380 sorores,

500 1405 601 1472 Omne
624 1404 684 1471 sub
707 1403 846 1470 arbitrio
870 1404 990 1470 desinit
1013 1423 1083 1471 esse
1107 1403 1179 1470 dei?

456 1513 530 1594 Ipse
554 1529 679 1593 quoque
703 1510 867 1576 aetherias
890 1511 1016 1576 meritis
1039 1511 1189 1578 invectus
1213 1530 1248 1576 es
1271 1529 1372 1591 arces,

412 1647 439 1686 20
499 1617 570 1700 Quo
594 1635 657 1682 uon
682 1616 798 1699 exiguo
822 1616 913 1683 facta
936 1618 1049 1684 labore
1072 1618 1129 1684 via
1152 1623 1211 1684 est.

456 1725 523 1790 Nec
545 1723 657 1806 patria
680 1728 731 1790 est
753 1723 909 1789 habitata
931 1724 1002 1806 tihi,
1026 1726 1083 1790 sed
1106 1726 1250 1804 adusque
1272 1724 1420 1789 nivosum

501 1832 675 1912 Strymona
697 1829 818 1896 venisti
842 1831 1112 1912 Marticolamque
1136 1831 1242 1898 Geton

455 1937 655 2017 Persidaque
679 1939 713 2000 et
735 1936 803 2002 lato
827 1938 1026 2018 spatiantem
1049 1937 1180 2004 flumine
1203 1937 1349 2018 Gangen,

500 2043 547 2110 ut
570 2060 787 2124 quascumque
809 2043 895 2107 bibit
918 2043 1047 2109 decolor
1069 2045 1170 2110 Indus
1194 2060 1303 2124 aquas

411 2175 438 2216 a
454 2150 587 2218 Scilicet
610 2149 694 2214 hano
717 2149 822 2230 legem
845 2154 961 2214 nentes
984 2147 1104 2214 fatalia
1128 2150 1254 2214 Parcae

501 2255 649 2322 Stamina
671 2254 723 2320 bis
746 2253 857 2336 genito
880 2255 932 2320 bis
955 2254 1100 2320 cecinere
1123 2255 1194 2320 tibi.

456 2364 510 2428 Me
533 2379 668 2443 quoqne,
692 2360 719 2425 si
742 2359 793 2426 ias
816 2365 868 2427 est
891 2362 1047 2443 exemplis
1068 2361 1117 2427 ire
1141 2362 1281 2442 deorum,

500 2468 625 2534 Ferrea
647 2485 716 2532 sors
739 2467 831 2534 vitae
855 2467 1059 2550 difficilisque
1082 2469 1209 2550 premit.

456 2573 518 2640 Illo
541 2591 601 2640 nec
623 2573 728 2639 levius
751 2574 862 2656 cecidi,
886 2594 980 2654 quem
1004 2595 1123 2658 magna
1145 2574 1289 2642 locutum

412 2708 440 2746 eo
500 2679 657 2763 Reppulit
680 2699 700 2744 a
724 2681 846 2747 Thebis
868 2682 1017 2766 Iuppiter
1040 2683 1115 2766 igue
1139 2701 1206 2747 suo.

457 2789 504 2856 Ut
527 2793 637 2853 tamen
661 2787 782 2852 audisti
805 2805 992 2868 percussum
1015 2788 1151 2854 fulmine
1174 2793 1293 2869 vatem,

501 2892 680 2960 Admonitu
702 2893 818 2958 matris
842 2894 1043 2960 condoluisse
1066 2899 1167 2976 potes,

456 3000 503 3066 Et
525 3004 627 3082 potes,
651 2999 811 3080 aspiciens
835 3000 955 3064 circum
979 3004 1038 3065 tna
1061 3019 1155 3065 sacra
1177 3004 1302 3081 poetas,

502 3106 625 3171 ‘Nescio
649 3104 721 3188 quis
743 3104 857 3169 nostri’
881 3105 989 3171 dicere
1013 3106 1128 3172 ‘cultor
1151 3106 1262 3172 abest!

414 3239 440 3278 aa
456 3212 531 3294 Fer,
553 3212 637 3277 bone
659 3210 769 3290 Liber,
792 3229 896 3292 opem:
920 3211 967 3277 sic
990 3211 1099 3278 altera
1121 3213 1281 3295 degravet
1303 3209 1424 3276 ulmum

502 3317 598 3398 Vitis,
622 3322 656 3382 et
678 3315 801 3382 incluso
823 3317 920 3399 plena
943 3317 987 3383 sit
1009 3337 1075 3385 uva
1097 3337 1199 3401 mero;

457 3424 511 3491 Sic
534 3423 597 3489 tibi
620 3442 691 3488 cum
715 3423 854 3488 Bacchis
877 3424 1071 3507 Satyrorum
1094 3445 1204 3508 gnava
1227 3426 1382 3491 iuventus

376 3581 421 3636 14.
457 3575 564 3654 nubilo]
583 3580 671 3646 trube,
691 3581 851 3701 anfunstig.
1042 3582 1087 3637 26.
1124 3583 1166 3637 bis
1175 3582 1278 3651 prato]
1293 3579 1349 3650 vgl.
1363 3575 1609 3634 Namenveraeioh-

375 3650 420 3706 lo.
456 3649 583 3718 hedered
619 3649 668 3702 der
702 3647 775 3702 Eeu
811 3649 847 3701 ist
882 3650 945 3703 dem
989 3651 1032 3704 nis
1050 3655 1132 3705 unter
1150 3650 1265 3706 Semele.

323 3720 453 3774 Bacchus
471 3717 568 3788 heilig,
591 3717 637 3772 die
655 3718 773 3772 Dichter
790 3718 853 3771 sind
870 3721 945 3774 coine
1041 3722 1087 3776 29.
1122 3737 1222 3790 magua
1260 3720 1389 3844 nsaw
1427 3733 1610 3772 vermemenee

322 3789 454 3856 Priester,
473 3788 532 3842 aleo
550 3788 630 3842 sacri.
990 3790 1098 3858 redete,
1121 3790 1241 3860 prahlte.
1278 3789 1344 3861 Vgl.
1390 3788 1609 3842 amenveraeich-

376 3861 421 3914 17.
457 3857 512 3912 Die
530 3856 637 3910 Paraen
656 3857 717 3910 sind
756 3859 872 3926 emeint,
900 3859 945 3912 die
990 3860 1032 3912 nis
1049 3867 1131 3914 unter
1149 3859 1305 3930 Capaneus.
1354 3901 1360 3911 .

324 3929 365 3984 als
396 3926 701 3998 Schicksalegdttinnen
795 3928 861 3981 inae
889 3928 947 3994 sati
1041 3931 1087 3984 32.
1123 3929 1254 3983 Gemeint
1277 3931 1314 3983 ist
1337 3929 1458 3994 Semele,
1487 3929 1532 3981 die
1556 3944 1608 3981 von

323 3998 432 4052 heilica.
990 3998 1068 4053 Zeus'
1087 3998 1177 4053 Blitae
1196 4000 1276 4053 erseh
1327 4017 1359 4054 en
1378 3999 1481 4052 wurde.

376 4066 420 4123 18.
457 4066 538 4121 Sinn:
566 4065 649 4120 Kauu
674 4066 724 4120 das
747 4066 833 4120 eelbst
856 4067 945 4120 durch
1041 4069 1087 4123 34.
1123 4069 1219 4139 cultor]
1236 4069 1312 4124 Vere
1364 4087 1386 4122 r.

323 4137 404 4192 einen
440 4135 510 4192 Gott
545 4135 623 4190 nicht
661 4135 844 4206 abgewendet
879 4137 946 4191 oder
1041 4140 1086 4193 35.
1122 4140 1171 4208 sic]
1189 4139 1367 4208 dann(wenn
1379 4138 1610 4192 dnmeineBitte

324 4225 349 4259 w
386 4207 393 4220 '
429 4211 490 4260 tens
508 4203 662 4260 beoinflnsst
679 4204 812 4259 werden?
990 4208 1117 4275 erhdrat).
1136 4239 1170 4247 -—
1189 4210 1298 4278 dmum]
1316 4224 1352 4259 an
1365 4207 1454 4260 denen
1467 4207 1511 4260 die
1525 4209 1608 4262 Alten

376 4277 421 4332 1.
455 4276 571 4344 mtto]
595 4281 650 4328 eret
668 4274 756 4328 durch
775 4275 857 4330 deine
874 4275 945 4330 Ver·
989 4278 1035 4331 die
1058 4277 1156 4332 Reben
1180 4280 1232 4332 mit
1254 4276 1388 4332 Vorliebe
1415 4275 1476 4328 sich
1502 4293 1609 4346 empor-

323 4347 439 4400 dienate.
988 4347 1095 4400 ranken
1112 4347 1213 4401 lieflen.
1231 4379 1266 4387 -
1283 4345 1383 4413 asoa]
1400 4361 1436 4396 zu
1451 4343 1515 4397 dem
1527 4349 1608 4400 einen

376 4415 421 4471 20.
457 4415 519 4484 pao]
538 4413 712 4468 adverbium!
988 4416 1186 4470 vorhandenen
1197 4413 1336 4472 Rebetock
1346 4412 1416 4466 noch
1427 4411 1473 4464 ein
1482 4415 1607 4485 auderet,

375 4485 421 4540 el.
457 4484 573 4553 decolor]
600 4483 736 4550 schum,
764 4483 837 4538 denn
863 4492 945 4538 unter
989 4487 1061 4540 also:
1085 4486 1202 4555 doppelt
1219 4503 1249 4540 so
1267 4482 1322 4538 viel
1340 4482 1393 4564 (als
1410 4486 1509 4552 ronst),
1534 4489 1606 4554 vitm,

323 4556 413 4610 Iudas
438 4554 500 4608 sind
527 4554 572 4608 die
598 4551 742 4621 Athiopen
766 4551 882 4625 (Neget)
910 4573 945 4607 an
987 4571 1043 4610 aaa
1060 4556 1117 4609 und
1134 4557 1233 4625 dm]
1250 4551 1390 4606 nathrhch
1402 4550 1607 4608 kollektivisch.

323 4625 479 4680 veratehen.
1041 4627 1086 4682 37.
1120 4627 1222 4695 mco]
1239 4627 1356 4676 munter.
