3714 5298
839 437 935 494 Erster
957 438 1029 493 Teil.

426 600 518 685 Quae
542 602 659 686 decuit,
682 601 795 684 primis
818 601 889 668 sinc
911 601 1046 667 crimine
1068 601 1202 667 lusimus
1227 599 1335 667 annis:

383 734 411 774 ιο
471 708 565 774 Nunc
587 708 709 774 teritur
730 707 853 772 nostris
877 726 956 772 area
978 707 1082 773 maior
1105 707 1204 788 equis.

428 815 590 896 Tempora
613 831 684 880 cum
708 813 823 896 causis,
846 813 1019 878 annalibus
1043 817 1138 883 eruta
1160 813 1284 896 priscis

472 921 646 1001 Lapsaque
669 920 728 985 sub
751 923 860 984 terras
883 925 1021 1000 ortaque
1044 920 1139 1002 signa
1162 937 1251 985 cano.

429 1027 585 1092 Venimus
609 1026 651 1090 ad
674 1029 835 1107 quartum,
859 1043 921 1106 quo
945 1031 982 1091 tn
1006 1026 1218 1092 celeberrima
1241 1043 1358 1091 mense.

475 1133 522 1198 Et
544 1135 656 1198 vatem
679 1136 714 1196 et
737 1149 878 1196 mensem
901 1131 974 1214 scis
997 1133 1117 1215 venus,
1141 1150 1211 1198 esse
1234 1131 1326 1197 tuos!

387 1266 414 1306 ιι,
429 1239 522 1304 Mota
545 1237 742 1320 Cytheriaca
765 1237 886 1304 leviter
907 1256 980 1303 mea
1002 1242 1151 1319 tempora
1173 1241 1280 1320 myrto

478 1343 625 1427 Contigit
648 1348 682 1410 et
705 1344 862 1424 ‘coeptum
885 1344 1012 1424 perfice’
1036 1345 1121 1410 dixit
1144 1344 1251 1424 ‘opus'
1289 1330 1293 1338 ’

433 1450 606 1533 Sensimus,
630 1454 665 1514 et
687 1467 805 1516 cauisse
828 1450 936 1515 subito
959 1456 1098 1531 patuere
1121 1449 1254 1515 dierum.

478 1557 564 1621 Dum
586 1556 666 1622 licet
688 1559 723 1621 et
746 1555 875 1636 spirant
897 1555 1038 1637 flamina,
1060 1555 1157 1622 navis
1180 1561 1244 1621 eat.

831 1660 849 1696 *
1046 1661 1064 1697 ’k

939 1709 956 1746 ss

436 1768 501 1834 Illa
524 1767 652 1848 quidem
675 1772 781 1833 totum
805 1767 996 1849 dignissima
1018 1771 1182 1849 temperat
1205 1769 1330 1850 orbem;
1380 1800 1382 1804 ·

393 1900 420 1940 no
480 1873 545 1940 Illa
567 1878 660 1940 tenet
682 1874 771 1939 nullo
794 1893 899 1956 regna
921 1875 1047 1940 minora
1071 1876 1138 1958 deo,

437 1981 580 2060 iuraque
603 1981 662 2044 dat
685 1979 784 2062 caelo,
806 1985 926 2062 terrae,
950 1980 1118 2046 natalibus
1141 1981 1245 2064 undis,

483 2086 612 2167 Perque
635 2103 709 2151 suos
732 2084 834 2150 initus
858 2086 1004 2151 continet
1027 2104 1119 2152 omne
1141 2105 1254 2168 genus,

439 2191 504 2258 Illa
527 2194 603 2257 deos
627 2209 737 2257 omnes
758 2229 804 2238 -
825 2191 958 2273 longum
982 2197 1034 2258 est
1055 2210 1227 2257 numerare
1249 2230 1301 2248 -,
1318 2192 1457 2259 creavit:

484 2297 549 2362 Illa
571 2297 654 2363 satis
677 2315 794 2363 causas
818 2298 1054 2378 arboribusque
1077 2298 1180 2364 dedit:

396 2431 424 2470 is
439 2403 504 2469 Illa
526 2406 623 2469 rudes
647 2404 770 2469 animos
793 2404 956 2469 hominum
980 2404 1146 2470 contraxit
1168 2405 1332 2488 inunum,

486 2509 533 2575 Et
556 2509 666 2575 docuit
688 2509 781 2592 iungi
804 2528 875 2575 cnm
898 2529 978 2592 pare
1001 2529 1159 2591 quemque
1182 2529 1250 2576 sua.

443 2615 528 2700 Quid
550 2633 654 2698 genus
677 2633 769 2681 omne
793 2619 885 2682 creat
907 2616 1083 2700 volucrum,
1106 2615 1170 2682 nisi
1191 2609 1316 2682 blanda
1338 2616 1512 2698 voluptas?

487 2722 556 2788 Nec
578 2726 695 2788 coeant
717 2723 865 2804 pecudes
888 2723 917 2788 si
939 2723 1022 2790 levis
1046 2723 1134 2788 absit
1157 2741 1255 2788 amor.

445 2829 524 2894 Cum
546 2847 638 2894 mare
660 2832 738 2893 trux
761 2829 848 2894 aries
871 2847 971 2894 cornu
994 2831 1155 2910 decertat;
1179 2833 1216 2895 at
1238 2829 1324 2894 idem

400 2963 428 3002 oo
487 2935 644 3000 Frontem
669 2935 809 2999 dilectae
831 2936 963 3000 laedere
985 2935 1093 3016 parcit
1116 2935 1195 3001 ovis

445 3041 605 3122 Deposita
628 3040 777 3120 sequitur
799 3043 915 3106 taurus
937 3039 1073 3106 feritate
1096 3041 1275 3124 iuvencam,

492 3147 594 3230 Quem
617 3146 680 3216 toti
703 3147 817 3227 saltus,
841 3163 936 3226 quem
958 3165 1070 3213 nemus
1093 3165 1186 3213 omne
1209 3147 1330 3212 tremit.

447 3253 507 3319 Vis
531 3253 643 3317 eadem
666 3252 735 3317 lato
759 3252 981 3332 quodcumque
1003 3254 1063 3319 snb
1087 3272 1227 3335 aequore
1250 3253 1345 3337 vivit,

493 3358 622 3440 Servat,
646 3363 680 3422 et
702 3357 880 3423 innumeris
903 3359 1046 3439 piscibus
1068 3360 1183 3441 implet
1206 3378 1317 3441 aquas.

405 3492 432 3532 ss
448 3465 560 3529 Prima
583 3463 670 3528 ieros
693 3463 826 3529 habitus
849 3465 971 3530 homini
995 3466 1153 3532 detraxit:
1176 3467 1218 3531 ab
1241 3466 1301 3531 illa

495 3571 666 3637 Venerunt
689 3569 797 3636 cultus
819 3572 1004 3652 mundaque
1027 3590 1106 3637 cura
1128 3571 1186 3637 sni.

449 3676 579 3743 Primus
603 3694 716 3741 amans
739 3694 869 3742 carmen
892 3677 1066 3759 vigilatum
1088 3683 1183 3744 nocte
1206 3681 1330 3760 negate

496 3782 628 3848 Dicitur
651 3783 694 3848 ad
717 3783 846 3848 clausas
869 3783 1068 3849 concinuisse
1090 3783 1191 3850 fores:

452 3889 691 3970 Eloquiumqne
713 3888 779 3954 init
803 3890 916 3953 duram
940 3906 1077 3955 exorare
1098 3890 1249 3974 puellam,

409 4021 438 4060 40
497 3996 628 4076 Proque
650 4013 710 4061 sna
733 4013 833 4060 causa
856 3994 991 4074 quisque
1015 3994 1155 4062 disertus
1179 3999 1260 4062 erat,

454 4102 547 4168 Mille
569 4121 628 4183 per
650 4102 735 4168 hanc
758 4106 848 4168 artes
871 4105 991 4184 motae;
1015 4102 1186 4182 studioque
1207 4101 1359 4183 placendi

375 4337 420 4391 1⁰.
457 4337 533 4405 arca]
552 4334 744 4404 Kampiplatz.
1041 4335 1086 4390 29.
1121 4333 1610 4406 mare]istAblativ.singul.vonmas!

375 4403 421 4460 22.
453 4421 508 4474 per
537 4421 600 4459 suos
629 4405 728 4474 initus]
764 4403 853 4458 durch
882 4402 945 4457 ihre
1041 4405 1087 4460 30.
1122 4405 1232 4459 laedere
1244 4407 1350 4475 parcit]
1368 4429 1404 4450 =
1421 4421 1475 4458 non
1493 4403 1588 4458 laedit.

323 4474 528 4529 Liebeswerke.
547 4505 580 4514 —
599 4475 730 4542 eontinet]
749 4473 842 4527 erhilt
858 4473 908 4528 sie.
1042 4474 1088 4528 37.
1119 4475 1422 4545 primus]priidikativ:
1435 4473 1608 4528 einLieben-

376 4544 421 4600 24.
457 4545 536 4614 satis]
554 4545 590 4597 ist
609 4543 704 4598 Dativ.
722 4542 837 4612 plurali
991 4544 1041 4597 der
1058 4560 1116 4597 war
1134 4561 1171 4610 es,
1189 4545 1238 4600 der
1255 4552 1348 4599 zuerst
1365 4562 1430 4598 usw.
