3716 5292
747 465 1021 536 MwmfflQ

420 639 512 724 Quae
535 641 709 722 strepitum
731 659 830 722 passu
851 660 916 707 non
939 640 1083 710 faciente
1104 644 1210 723 venit3

377 745 519 828 numque
542 747 661 828 aliquis
683 747 772 813 (licet
794 747 884 813 ‘Fuit
905 747 988 814 hacc
1008 748 1168 833 formosa,
1191 749 1323 818 dolebis.

421 853 467 918 Et
489 853 655 934 speculum
678 854 817 919 mendax
840 871 910 920 esse
933 872 1070 935 querere
1091 859 1192 923 tunm.

376 959 460 1025 Sunt
482 958 546 1024 tibi
570 977 647 1041 opes
669 958 824 1043 modicae,
847 977 919 1026 cum
935 960 987 1030 ¹sis
1010 960 1202 1044 dignissima
1223 961 1363 1044 magnis:

331 1090 359 1129 ιο
418 1063 524 1147 Finge
547 1067 604 1132 sed
626 1065 781 1132 inmensis
804 1065 953 1132 censibus
975 1083 1047 1132 esse
1068 1085 1177 1148 pares3

375 1170 498 1251 Nempe
522 1171 580 1237 dat
602 1171 645 1254 id,
668 1172 890 1253 quodcumque
911 1172 1004 1256 libet,
1026 1171 1161 1238 fortuna
1183 1174 1347 1255 rapitque
1395 1251 1399 1262 Ι

419 1277 505 1342 Irm-
518 1281 553 1341 et
576 1281 627 1342 est
650 1277 767 1361 subito,
791 1277 847 1360 qui
869 1279 962 1345 modo
986 1277 1123 1346 Croesus
1146 1283 1227 1345 erat.

375 1382 513 1466 Singula
536 1383 615 1463 qnid
637 1381 799 1449 referam?
836 1383 884 1448 nil
907 1401 972 1449 non
994 1384 1132 1450 mortale
1155 1389 1303 1452 tenemus

418 1488 568 1555 Pectoris
590 1489 736 1570 exceptis
758 1489 946 1572 ingeniique
967 1489 1069 1557 bouis.

330 1621 358 1662 rs
374 1596 427 1662 En
450 1613 519 1678 ego,
543 1612 615 1660 cum
638 1613 768 1661 caream
789 1597 900 1677 putria
923 1596 1079 1676 vobisque
1101 1597 1265 1679 domoque,

419 1701 594 1783 Raptaque
616 1701 692 1782 siut,
717 1702 816 1768 adimi
839 1719 923 1782 quae
945 1706 1082 1782 potuere
1104 1701 1193 1784 mihi,

375 1808 511 1890 Ingenio
534 1811 645 1874 tamen
668 1808 739 1888 ipse
761 1805 832 1873 meo
856 1807 1056 1888 comitorque
1078 1807 1245 1889 fruorque:

421 1913 541 1980 Caesar
562 1914 598 1978 in
620 1914 682 1980 hoc
704 1913 814 1995 potuit
835 1913 917 1979 iuris
938 1914 1061 1980 babere
1083 1913 1174 1980 nihil.

376 2019 523 2103 Quilibet
544 2020 630 2085 hanc
652 2037 752 2087 saevo
775 2018 880 2086 vitam
902 2019 982 2086 mihi
1004 2019 1099 2086 finiat
1122 2037 1212 2101 ense3

331 2153 359 2193 so
417 2126 472 2190 Me
494 2130 605 2192 tamen
628 2126 774 2192 extincto
796 2124 887 2191 lama
909 2130 1074 2207 superstes
1097 2126 1170 2210 erit,

374 2233 523 2313 Dumque
545 2231 613 2297 suis
636 2232 760 2300 victrix
782 2250 908 2298 omnem
931 2232 971 2298 oe
993 2233 1158 2299 montibus
1182 2233 1292 2300 orbem

418 2337 603 2419 Prospiciat
625 2339 781 2405 domitum
804 2338 929 2404 Martia
950 2337 1063 2420 Roma,
1086 2339 1187 2422 legar.

374 2445 425 2510 Tu
448 2462 584 2527 quoque,
607 2463 705 2525 qnam
727 2443 830 2510 studii
852 2447 985 2510 maneat
1007 2442 1135 2511 felicior
1156 2461 1242 2527 usus,

418 2550 537 2632 Effuge
560 2554 725 2634 venturos,
749 2568 814 2631 qna
836 2555 940 2633 potes
963 2568 1066 2632 usque
1087 2551 1196 2632 rogos!

717 2819 1054 2906 mmmmm

784 2977 984 3046 nemum.

374 3133 469 3199 Nunc
491 3153 551 3217 ego
575 3134 769 3215 Triptolemi
792 3153 942 3215 cuperem
966 3133 1145 3201 consistere
1168 3151 1273 3216 curru,

418 3240 512 3305 Misit
533 3241 568 3305 in
591 3241 737 3322 ignotam
761 3239 818 3321 qui
840 3240 921 3306 rude
944 3258 1054 3306 semen
1076 3240 1221 3320 humum3

373 3346 468 3411 Nunc
490 3363 550 3428 ego
573 3345 709 3412 Medeae
732 3345 851 3412 vellem
873 3347 1006 3412 frenare
1028 3347 1192 3428 dracones,

418 3451 505 3535 Quos
527 3451 646 3517 habuit
667 3451 798 3535 fugiens
822 3471 905 3536 arce,
929 3452 1092 3534 Corinthe,
1115 3456 1188 3531 tua;

343 3555 466 3624 sNunc
489 3577 549 3640 ego
572 3558 746 3624 iactandas
769 3563 917 3639 optarem
940 3576 1066 3624 sumere
1089 3575 1221 3640 pennas,

418 3663 497 3731 Sive
518 3669 603 3748 tuas,
625 3664 758 3748 Persen,
781 3663 936 3748 Daedale,
959 3663 1031 3730 sive
1053 3667 1142 3729 tuas:

374 3770 421 3837 Uc
443 3776 560 3837 tenera
581 3770 704 3837 uostris
727 3771 862 3836 cedente
885 3770 1051 3837 volatibus
1074 3787 1156 3834 aura

418 3876 608 3958 Aspicerem
630 3877 762 3958 patriae
785 3877 878 3942 dulce
901 3881 1037 3960 repente
1059 3876 1170 3956 solum,

321 4064 325 4074 ,
372 3981 597 4064 Desertacque
620 3985 733 4049 domus
755 3982 876 4066 vultus,
898 3999 1119 4064 memoresque
1142 3979 1278 4064 sodales,

291 4171 337 4229 36.
375 4171 534 4227 Verbinde:
548 4175 792 4243 passeobcpc'tum
808 4187 864 4228 aon
978 4173 1031 4227 llo.
1046 4171 1091 4227 40.
1127 4172 1155 4226 1.
1190 4169 1387 4240 Triptolemus,
1405 4169 1455 4223 der
1473 4169 1529 4223 alte

236 4241 367 4306 faciente.
907 4242 1004 4315 Konig
1021 4257 1075 4296 von
1092 4240 1215 4308 Eleusis,
1239 4239 1290 4293 soll
1314 4239 1368 4293 den
1385 4237 1470 4310 Pflug
1488 4255 1529 4293 er-

289 4311 335 4366 39.
371 4311 447 4380 oss]
465 4310 635 4381 Vermbgen.
815 4367 817 4373 A
907 4311 1013 4365 lunden
1036 4310 1094 4365 und
1118 4309 1170 4364 auf
1191 4310 1281 4364 oium
1298 4307 1455 4362 Drschenw
1495 4325 1530 4363 en

290 4325 1530 4460 ffifflfflmmwwmmmmMMfflfflffffi

237 4448 380 4503 bekannte
398 4447 510 4503 Bettler
528 4449 580 4504 auf
596 4449 710 4504 Ithaka
807 4461 810 4468 '
908 4457 996 4504 meter
1012 4450 1165 4504 Askerbau
1183 4448 1240 4502 und
1257 4446 1364 4501 Kultnr
1380 4447 1532 4503 verbremet

289 4519 336 4575 lt.
375 4519 467 4586 ‚Mein
486 4518 592 4574 Talent
616 4520 653 4572 ist
676 4520 750 4573 mein
772 4517 866 4576 Geleit
909 4521 1011 4574 haben.

238 4588 296 4643 und
314 4589 387 4643 mein
407 4587 527 4644 (llneku
979 4590 1007 4645 b.
1043 4589 1203 4657 camacum]
1221 4586 1390 4660 schwingen.
