3714 5298
722 389 804 445 uae
822 389 880 460 (111
890 391 1050 466 norff-sic).
1152 472 1155 482 1

318 591 361 649 req
420 564 496 632 ‘Nec
518 584 619 648 gener
642 571 693 633 est
715 566 808 632 nobis
830 565 888 632 ille
910 567 1086 648 pudendus'
1110 566 1168 632 ait.

270 681 274 688 '
378 671 458 738 ‘Non
482 691 542 755 ego
565 672 719 739 nobilior:
741 672 849 754 posita
873 677 924 740 est
946 673 1027 740 mihi
1048 672 1141 755 regin
1164 673 1263 740 coelo.
1379 701 1382 708 ·

422 778 573 844 Possidet
596 779 683 845 alter
704 797 817 862 aquas,
841 778 927 845 alter
941 778 1048 852 ,inane
1071 779 1178 845 chaos.

379 884 444 950 Sed
465 885 495 950 si
517 883 605 950 forte
627 884 691 951 tibi
713 903 776 951 non
800 889 852 951 est
875 885 1034 951 mutabile
1056 889 1179 968 peetus

422 990 571 1075 Statque,
594 993 694 1058 semel
716 991 822 1058 iuneti
844 1009 995 1072 rumpere
1017 991 1128 1058 vincla
1150 991 1224 1073 tori,

319 1120 361 1162 rm
376 1096 448 1162 Hoo
470 1115 597 1178 quoque
619 1102 826 1180 temptemus,
850 1097 1008 1178 siquidem
1030 1097 1141 1172 ieiuna
1163 1098 1334 1180 remansit3
1361 1159 1365 1170 .

423 1201 459 1269 Si
480 1204 595 1287 miuus,
618 1203 740 1270 inferni
763 1203 908 1286 coniugis
930 1221 1013 1271 uxor
1035 1203 1117 1269 erit’

379 1311 524 1376 Tartara
546 1311 653 1377 iussus
676 1311 747 1376 adit
767 1310 907 1392 sumptis
931 1309 1103 1378 Caducifer
1126 1309 1196 1394 alis,

423 1417 551 1499 Speque
573 1417 661 1482 redit
684 1417 780 1483 citius
803 1417 939 1498 visaque
962 1420 1054 1484 certa
1076 1415 1191 1482 refert:

379 1524 499 1605 ‘Rapta
521 1523 637 1598 tribus?
661 1523 747 1589 dixit
768 1522 878 1589 ‘solvit
898 1522 1022 1588 ieiunia
1044 1523 1166 1606 granis

319 1656 362 1696 roo
421 1629 546 1695 Punica
569 1648 654 1710 quae
675 1631 766 1696 leuto
789 1629 910 1695 cortice
932 1647 1028 1710 poma
1050 1630 1191 1712 tegunt),

378 1736 478 1808 Haud
500 1754 592 1802 secus
614 1736 762 1817 indoluit,
786 1754 883 1817 quam
906 1735 934 1800 si
956 1736 1048 1801 modo
1072 1741 1171 1817 rapta
1193 1734 1318 1818 inisset

422 1843 554 1908 Maesta
571 1860 703 1925 parens,
726 1842 824 1924 longa
846 1842 968 1921 vixque
991 1842 1117 1914 reiecta
1139 1860 1230 1907 mora
1252 1846 1310 1908 est.

379 1950 491 2030 Atque
512 1949 562 2014 ita
585 1948 653 2014 ‘nec
675 1949 769 2015 nobis
791 1949 917 2014 caelum
940 1952 992 2014 est
1013 1947 1221 2014 habitabilei'
1243 1949 1328 2014 dixit

425 2056 600 2121 ‘Taenaria
622 2055 724 2137 recipi
747 2074 798 2121 me
821 2073 948 2136 quoque
970 2054 1057 2122 valle
1080 2055 1177 2120 iube?
1265 2091 1267 2096 ,

321 2189 363 2231 ros
378 2163 426 2230 Et
447 2161 581 2228 factura
602 2161 676 2243 tuit,
699 2167 815 2243 pactus
838 2162 902 2227 nisi
924 2161 1074 2242 Iuppiter
1097 2165 1192 2243 esset,

318 2352 321 2361 Ι
424 2267 482 2334 Bis
504 2268 611 2334 tribus
634 2271 672 2334 ut
695 2268 784 2334 caelo
807 2269 970 2334 mensibus
992 2268 1052 2333 illa
1074 2268 1169 2356 foret.

380 2376 462 2441 Tum
487 2376 613 2440 demum
636 2375 827 2454 voltumque
849 2374 947 2440 Ceres
970 2375 1176 2454 animumque
1197 2374 1331 2458 recepit
1446 2367 1450 2373 ’

423 2480 646 2562 Imposuitque
669 2498 749 2545 suae
772 2479 882 2560 spicea
904 2485 995 2546 serta
1018 2499 1139 2546 comae:

379 2586 555 2669 Largaque
577 2586 729 2669 provenit
752 2585 889 2651 cessatis
910 2585 1024 2651 messis
1045 2586 1080 2651 in
1103 2586 1201 2668 arvia,

321 2720 363 2760 roo
422 2693 470 2758 Et
491 2693 549 2759 uix
572 2696 745 2774 congestas
767 2710 845 2758 area
868 2692 956 2774 cepit
978 2711 1064 2772 opes,

647 2971 649 2975 -
688 2938 783 3007 1113
807 2936 872 3022 (1ss
889 2937 1089 3023 nor-516).

341 3083 416 3162 lte'r
437 3094 595 3161 Ariadne
617 3094 868 3178 Liebesgliick,
890 3093 1101 3162 Eisersuoht
1122 3094 1198 3160 uud
1219 3093 1434 3178 Apotheose.

378 3252 450 3316 Iam
472 3252 556 3317 bene
578 3251 708 3333 periuro
732 3256 880 3317 mutarat
903 3253 1039 3334 coniuge
1061 3252 1234 3334 Bacchum,

423 3357 515 3441 Quae
538 3358 629 3423 dedit
651 3358 783 3440 ingrato
806 3358 862 3423 ffla
884 3358 1024 3441 legenda
1045 3358 1126 3424 viro.

379 3464 475 3532 Sorte
496 3465 564 3530 tori
585 3465 732 3547 gaudens
755 3465 843 3544 ‘quid
865 3464 982 3530 flebam
1005 3463 1159 3530 rusticat'
1183 3464 1268 3529 dixit

423 3572 685 3639 ‘Utiliter-nobis
707 3571 849 3652 perfidus
871 3571 928 3637 ille
951 3571 1033 3636 mic’

350 3678 511 3744 uInterea
533 3679 634 3745 Liber
658 3680 798 3759 depexos
821 3677 965 3743 crinibus
987 3677 1085 3742 Indos
1189 3719 1191 3726 ι

424 3784 521 3868 Vicit,
545 3789 580 3851 et
602 3786 670 3851 Eoo
694 3785 786 3851 dives
810 3786 851 3850 ab
876 3784 953 3849 orbe
976 3784 1070 3849 redit.

379 3891 471 3956 Inter
494 3891 645 3971 captivas
668 3890 753 3956 facie
776 3895 968 3972 praestante
990 3889 1116 3970 puellas

424 3996 531 4062 Grata
553 3997 649 4062 nimis
672 3997 802 4062 Baccho
824 3996 893 4062 filia
916 3996 1003 4078 regis
1027 3999 1108 4061 erat.

379 4102 501 4168 Flebat
525 4091 637 4169 amans
661 4103 808 4169 coniunx,
854 4102 1065 4184 spatiataque
1087 4102 1185 4168 litore
1208 4121 1307 4168 curvo

317 4309 379 4365 185.
415 4310 556 4378 remansit]
573 4307 749 4378 Proserpina.
981 4308 1009 4364 2.
1043 4308 1529 4380 filuleqcuda]denKuiiulplsWeg·

317 4379 380 4446 ltu,
412 4379 527 4444 suntme
543 4378 610 4449 fuit]
629 4403 664 4424 =
681 4378 800 4431 fecisset.
911 4380 1020 4446 weiser3
1039 4378 1185 4431 wdmlich‘?

315 4448 410 4504 N003.
441 4449 468 4505 1.
499 4443 866 4520 benetauihremGliicli.-
981 4449 1009 4503 3.
1045 4446 1192 4520 amatori]
1207 4448 1275 4501 iiber
1288 4448 1337 4502 das
1350 4447 1443 4502 Gl'uck
1453 4447 1530 4504 ihrer

246 4519 369 4589 mataps]
386 4518 519 4572 Theseus.
896 4518 978 4588 ¹Ehe.
