3714 5298
869 447 965 502 Erster
986 447 1059 502 'I'eil

455 611 526 677 Hoc
548 611 661 678 novies
685 611 774 693 dicit,
796 629 856 678 nec
879 611 1021 692 respicit.
1059 611 1174 676 umbra
1197 615 1336 692 putatur
1387 647 1388 652 ι
1447 607 1459 639 ’“

501 717 662 800 Colligere
685 722 719 783 et
741 717 831 784 nullo
853 721 950 798 terga
973 716 1106 783 vidente
1128 717 1229 797 sequi.
1423 712 1425 716 ’

456 823 582 890 Rursus
604 842 725 905 aquam
745 823 865 906 tangit,
888 823 1129 904 Temesacaque
1151 827 1327 906 concrepat
1349 843 1437 910 aera,

503 929 550 995 Et
572 934 677 1012 rogat,
700 933 739 994 ut
761 929 859 994 tectis
882 934 981 995 exeat
1002 930 1118 995 umbra
1140 929 1215 995 suis.

415 1063 442 1101 ιι
458 1035 537 1101 Oum
561 1036 645 1101 dixit
666 1035 780 1102 novies
803 1040 925 1100 ‘manes
948 1034 1038 1100 exite
1060 1036 1209 1120 paterni,’

504 1141 661 1224 Respicit,
684 1146 719 1207 et
740 1160 822 1223 pure
844 1159 940 1232 sacra
961 1146 1099 1222 peracta
1120 1146 1228 1223 putat.

460 1245 561 1313 Dicta
584 1247 628 1312 sit
651 1249 736 1313 unde
760 1247 837 1331 dies,
860 1266 944 1328 quae
966 1247 1105 1313 nominis
1129 1251 1221 1313 extet
1243 1249 1335 1333 origo

504 1355 559 1420 Me
581 1353 677 1435 fugit
712 1372 753 1419 ex
775 1353 885 1434 aliquo
909 1357 958 1419 est
982 1353 1179 1421 invenienda
1202 1356 1271 1421 deo.

460 1457 577 1525 Pliade
599 1463 687 1543 uate,
709 1477 811 1543 mone,
834 1459 931 1542 virga
953 1461 1138 1526 venerande
1160 1461 1303 1555 potentii

417 1592 445 1632 eo
505 1565 610 1647 Saepe
632 1566 695 1631 tibi
717 1565 828 1649 Stygii
850 1566 943 1648 regia
965 1567 1038 1633 visa
1059 1567 1158 1633 Iovis.

461 1671 563 1737 Venit
584 1674 740 1738 adoratus
763 1672 943 1739 Caducifer.
977 1672 1089 1754 accipe
1112 1691 1244 1739 causam

507 1777 668 1844 Nominis:
692 1798 733 1844 ex
755 1779 825 1860 ipso
849 1783 900 1844 est
922 1779 1056 1862 cognita
1079 1798 1178 1845 cerua
1201 1781 1269 1846 deo.

462 1882 619 1950 Romulus
642 1889 680 1950 ut
702 1885 827 1951 tumulo
850 1884 1017 1952 fraternas
1041 1885 1186 1951 condidit
1208 1887 1348 1970 umbrae,

507 1989 555 2056 Et
576 1991 662 2057 male
684 1991 789 2057 veloci
812 1991 899 2057 iusta
923 1991 1031 2058 soluta
1053 1993 1163 2076 Remo,

418 2119 446 2159 aa
460 2096 640 2162 Faustulus
662 2095 778 2162 infelix
802 2101 836 2162 et
858 2097 964 2179 passis
988 2099 1077 2162 Acca
1101 2097 1230 2178 capillis

510 2201 719 2284 spargebant
741 2203 885 2268 lacrimis
908 2221 982 2269 ossa
1003 2207 1139 2283 peruste
1162 2204 1238 2270 suis.

464 2307 546 2374 Inde
569 2309 696 2374 domum
718 2310 856 2375 redeunt
879 2311 939 2375 sub
962 2310 1068 2392 prima
1091 2309 1282 2391 crepuscula
1304 2309 1431 2394 maesti,
1508 2377 1512 2384 ,

511 2414 623 2495 thue
646 2418 728 2496 erat,
751 2416 786 2480 iu
809 2417 890 2481 duro
913 2417 1115 2497 procubuere
1137 2421 1218 2482 toro.

467 2521 592 2586 Umbra
615 2526 751 2587 cruenta
773 2521 868 2587 Remi
890 2522 963 2612 visa
986 2527 1037 2588 est
1060 2522 1214 2588 assistere
1237 2522 1331 2604 lecto,

423 2653 452 2693 ro
511 2627 622 2708 Atque
643 2629 727 2694 haec
749 2628 867 2712 exiguo
890 2646 1053 2694 murmure
1076 2630 1179 2696 verba
1201 2629 1307 2710 loqui:

466 2730 528 2800 ‘Eu
551 2753 611 2817 ego
634 2734 801 2799 dimidium
823 2735 929 2802 vestri
951 2753 1092 2816 parsque
1115 2735 1222 2801 altera
1245 2735 1325 2818 voti,

513 2839 653 2923 Gemite,
676 2839 736 2906 sim
760 2840 876 2925 qualis,
899 2841 956 2921 qui
978 2842 1071 2907 modo
1094 2840 1202 2921 qualis
1224 2842 1329 2906 eram!

470 2946 535 3030 Qui
556 2948 658 3028 modo,
682 2947 711 3011 si
734 2947 882 3013 volucres
905 2947 1093 3012 habuissem
1115 2964 1219 3029 regna
1239 2947 1399 3030 iubentes,

513 3053 553 3118 In
575 3052 693 3133 populo
716 3052 811 3132 potui
833 3052 992 3117 maximus
1016 3070 1085 3117 esse
1107 3069 1187 3135 meo,

424 3182 452 3223 ιι
467 3158 562 3223 Nunc
585 3159 697 3238 elapsa
720 3155 791 3240 rogi
814 3158 950 3223 flammis
975 3163 1008 3224 et
1031 3158 1138 3223 inanis
1160 3159 1276 3243 imago,

514 3264 607 3330 Haec
630 3269 681 3328 est
704 3282 744 3329 ex
767 3264 823 3330 illo
846 3263 951 3329 forme
974 3265 1091 3330 relicta
1113 3266 1230 3331 Remol

469 3370 544 3436 Heu
566 3369 624 3436 ubi
646 3371 736 3436 Mars
759 3375 856 3452 pater
878 3369 956 3436 est?
991 3371 1019 3436 si
1041 3389 1099 3437 vos
1122 3374 1214 3437 modo
1237 3390 1318 3438 vera
1340 3371 1450 3455 locuti,

514 3478 690 3557 Uberaque
713 3478 869 3558 expositis
892 3477 949 3542 ille
967 3476 1076 3542 lerina
1099 3478 1197 3544 dedit.

471 3583 574 3666 Quem
597 3581 676 3665 lupa
699 3584 857 3667 servavit,
880 3601 995 3648 manus
1017 3584 1103 3648 hunc
1126 3583 1301 3649 temeraria
1325 3583 1406 3649 civis

383 3755 386 3758 .
425 3712 454 3754 so
513 3689 673 3756 Perdidit.
708 3694 873 3770 oquauto
896 3689 1008 3755 mitior
1029 3689 1090 3754 illa
1112 3689 1190 3754 fuit!
1223 3722 1225 3726 ·

408 3857 410 3862 ,
470 3795 578 3863 Saeve
601 3795 703 3879 Celer,
727 3797 890 3862 crudelem
913 3797 1055 3860 animam
1078 3813 1137 3875 per
1159 3795 1295 3861 volnera
1317 3797 1444 3880 reddam,

515 3902 627 3983 thue
650 3920 720 3986 ego,
744 3903 804 3968 sub
827 3907 935 3968 terras
958 3900 1231 3983 sanguinulentus
1254 3903 1326 3968 eas!
1413 3965 1416 3970 .

470 4005 585 4074 Noluit
607 4009 669 4074 hoc
691 4008 806 4093 frater,
829 4010 946 4091 pietas
961 4007 1108 4088 aequalis
1130 4008 1165 4074 in
1187 4007 1244 4072 illo
1269 4013 1327 4074 est.

516 4114 610 4197 Quod
631 4115 749 4199 potuit,
770 4116 924 4180 lacrimas
946 4114 1096 4180 manibus
1118 4113 1176 4179 ille
1200 4113 1298 4180 dedit.

393 4287 437 4342 34.
472 4287 551 4358 male]
569 4305 604 4340 zu
622 4271 726 4341 aeinem
744 4287 893 4359 ngliiolr,
910 4288 964 4340 mit
1059 4287 1104 4342 51.
1139 4287 1383 4358 reddoaorrimam]
1401 4285 1548 4351 denGeist
1566 4287 1625 4342 suf-

339 4358 427 4412 oelooi
441 4375 477 4410 zu
494 4358 654 4413 verbinden.
671 4388 707 4396 -
726 4359 812 4428 iusto]
832 4359 878 4411 die
902 4358 962 4411 ihm
1006 4357 1105 4426 geben.

333 4428 557 4492 <zukommendeu
576 4426 756 4496 Totenopfer.
876 4469 878 4472 .
1058 4426 1103 4480 ta.
1140 4426 1198 4494 boc]
1208 4425 1262 4479 dass
1274 4427 1349 4480 mich
1360 4425 1440 4480 Celer
1451 4426 1547 4481 tdtete.
1568 4426 1627 4480 Der

333 4556 335 4565 ι
474 4530 553 4600 ιι
767 4531 836 4586 ιι
1006 4494 1626 4636 ι.
