3714 5298
344 433 386 498 32
891 438 987 493 Erster
1008 438 1080 492 Tell.
1115 465 1118 474 ·

434 633 460 674 0
476 606 556 672 Cum
578 623 659 687 pare
682 622 830 684 quaeque
852 622 910 669 suo
934 603 1052 668 coeunt
1074 602 1286 683 volucresque
1308 603 1471 688 feraeque,

521 713 631 793 Atque
655 711 806 791 aliquam,
830 710 871 774 de
893 727 959 789 qua
980 712 1139 792 procreet,
1162 709 1279 791 anguis
1301 710 1411 777 habet.

477 818 646 885 Extremis
669 819 790 884 dantur
814 815 953 881 conubia
976 814 1142 897 gentibus:
1166 819 1310 895 atquae

522 924 668 991 Romano
691 923 795 990 vellet
817 923 950 1004 nubere,
973 921 1063 986 nulla
1086 920 1159 986 fuit.

480 1030 617 1113 Indolui,
640 1029 846 1111 patriamque
870 1027 944 1093 0001
966 1027 1037 1108 tibi,
1060 1027 1205 1110 Romule,
1228 1033 1377 1094 mentem.

436 1164 464 1203 no
527 1136 639 1203 “Tolle
661 1135 801 1218 preces‚’'
824 1133 893 1200 dixi
918 1134 1022 1213 “quod
1045 1134 1131 1215 petis
1154 1153 1245 1199 arma
1268 1136 1418 1202 dabunt.’'

480 1243 582 1309 Festa
604 1247 703 1323 parat
726 1241 836 1306 Conso.
859 1278 903 1287 -
927 1241 1048 1306 Consus
1071 1241 1135 1306 tibi
1158 1245 1269 1307 cetera
1292 1242 1387 1323 01000,

525 1349 587 1415 1110
610 1347 701 1413 iacta
724 1347 776 1413 die
799 1349 875 1412 dum
897 1365 957 1412 sua
979 1366 1074 1412 sacra
1096 1365 1201 1412 00000.

480 1457 669 1521 Intumuere
692 1454 792 1521 Cures
816 1458 851 1519 et
873 1471 953 1534 quos
976 1453 1067 1519 dolor
1090 1453 1206 1536 attigit
1227 1454 1320 1519 idem.

525 1563 608 1628 Tum
630 1560 768 1642 primum
791 1560 921 1644 generis
943 1559 1058 1625 intulit
1081 1578 1171 1624 arma
1193 1578 1293 1626 socer.

444 1693 471 1735 0
487 1668 622 1748 Iamque
644 1667 714 1733 iere
736 1671 852 1747 raptae
875 1671 1016 1732 matrum
1039 1685 1167 1746 quoque
1188 1655 1304 1733 nornen
1326 1667 1502 1752 habebant,

527 1775 713 1854 {liactaque
737 1777 832 1838 erant
853 1773 952 1856 longa
974 1772 1062 1838 bella
1084 1773 1266 1855 propinqua
1287 1792 1386 1840 mora.

483 1879 688 1948 Conveniunt
709 1884 832 1961 nuptae
856 1880 977 1944 dictam
998 1879 1132 1945 Iunonis
1154 1881 1188 1945 in
1212 1880 1333 1964 aedem,

528 1986 615 2070 Quas
638 1987 726 2051 inter
749 2004 821 2050 mea
844 1985 891 2050 sic
914 1989 964 2050 est
986 2004 1087 2051 nurus
1110 2004 1185 2051 orsa
1206 1985 1310 2066 loqui:

486 2092 533 2160 “O
555 2093 682 2174 pariter
704 2097 828 2174 raptae,
850 2129 895 2138 -
918 2091 1068 2172 quoniam
1091 2092 1152 2156 hoc
1175 2109 1341 2158 commune
1364 2097 1511 2159 tenemus
1534 2132 1579 2141 —

440 2226 467 2266 so
526 2199 599 2264 Non
621 2199 710 2263 ultra
731 2198 820 2262 lente
843 2215 1011 2278 possumus
1033 2215 1103 2262 esse
1126 2198 1208 2278 piae.

484 2306 583 2373 Stant
606 2305 706 2370 acies:
730 2305 787 2369 sed
809 2308 886 2369 utra
909 2304 943 2368 01
964 2303 1032 2368 0100
1053 2321 1112 2385 pro
1135 2308 1230 2385 parte
1253 2305 1398 2389 rogandi,

529 2411 671 2494 Eligite:
695 2410 771 2475 hinc
794 2410 941 2492 coniumr,
963 2409 1040 2475 hinc
1062 2415 1158 2490 pater
1180 2430 1271 2475 arma
1292 2416 1394 2477 tenet

486 2518 712 2602 Quaerendum
736 2519 795 2598 est,
817 2515 936 2582 viduae
958 2515 1030 2580 fieri
1051 2516 1208 2600 malimus,
1232 2536 1274 2582 an
1296 2518 1403 2584 orbae.

531 2623 708 2690 Consilium
731 2621 824 2689 vobis
846 2620 932 2686 forte
955 2622 1107 2702 piumque
1130 2625 1239 2690 dabo.''

442 2757 470 2798 00
486 2730 661 2797 Consilium
684 2730 828 2795 dederat.
873 2733 999 2811 parent,
1023 2729 1191 2810 crinesque
1213 2730 1391 2813 resolvtmt

529 2837 723 2916 Maestaque
744 2835 880 2900 funerea
903 2852 1038 2913 corpora
1059 2840 1152 2902 00000
1175 2840 1301 2918 tegunt.
1381 2883 1386 2894 ,

485 2944 555 3008 100
579 2945 743 3008 steterant
766 2941 853 3005 acies
876 2939 963 3005 ieme
986 2940 1147 3020 mortique
1169 2946 1314 3026 paratae,

529 3048 600 3114 Iam
622 3048 724 3112 lituus
746 3064 876 3128 pugnae
898 3046 993 3128 signa
1014 3047 1150 3112 daturos
1174 3051 1258 3112 erat:

486 3154 565 3220 Cum
589 3158 705 3235 raptae
727 3153 865 3221 veniunt
887 3153 975 3218 inter
998 3157 1173 3233 patresque
1195 3155 1356 3237 virosque,

441 3286 469 3325 o
528 3261 633 3340 Inque
655 3260 728 3324 sinu
750 3263 854 3342 00000,
876 3259 1015 3340 pignora
1038 3277 1123 3342 cara,
1145 3263 1268 3326 tenent.

486 3367 535 3434 Ut
556 3367 697 3432 medium
720 3366 827 3446 campi
850 3366 959 3431 scissis
982 3365 1124 3448 tetigere
1147 3366 1283 3450 capillis,
1320 3389 1323 3396 ⁴

532 3472 572 3538 In
595 3478 718 3539 terram
741 3473 847 3553 posito
871 3473 1072 3553 procubuere
1094 3490 1196 3554 genn:

488 3580 535 3644 Et
558 3579 652 3660 quasi
675 3578 845 3660 sentirent,
867 3578 988 3644 blando
1012 3578 1152 3644 clamore
1174 3583 1309 3660 nepotes

533 3687 727 3751 Tendebant
750 3685 792 3749 00
815 3702 894 3751 0000
917 3685 1072 3749 bracchia
1094 3703 1199 3765 parva
1220 3703 1303 3752 suos.

443 3818 472 3859 45
487 3792 551 3876 Qui
573 3795 713 3874 poterat,
737 3791 901 3855 clamabat
924 3809 1030 3873 avum,
1053 3797 1133 3856 tunc
1154 3791 1293 3870 denique
1316 3793 1429 3875 visum,

425 3999 469 4054 lo.
501 3999 583 4068 pore]
611 3995 776 4052 Weibchen.
806 4028 841 4037 —
872 4002 977 4071 000000]
1090 3996 1136 4053 24.
1166 3998 1296 4066 pureum]
1333 4015 1414 4052 naun
1450 3999 1496 4053 ein
1530 4000 1640 4054 0001000

357 4085 463 4140 paureu
480 4068 550 4122 sich.
1021 4065 1100 4122 Mal?

426 4139 470 4192 17.
506 4138 642 4206 mamm]
661 4136 706 4190 die
721 4153 766 4190 am
779 4134 977 4191 entfemtesten
1089 4135 1136 4190 20.
1172 4136 1241 4190 bezo
1265 4139 1437 4208 propinqua]
1472 4138 1522 4192 der
1551 4138 1641 4211 Krieg

357 4208 482 4276 wohneu,
504 4207 562 4261 also
583 4205 804 4273 ,unaivilisiert“.
1021 4210 1102 4258 unter
1121 4203 1315 4260 Verwandteu.

428 4276 472 4333 lo.
528 4277 640 4346 atrium]
659 4275 717 4330 also
736 4274 914 4345 kriegerisch.
1091 4273 1137 4329 21.
1174 4276 1285 4345 dictam]
1303 4276 1477 4332 verabredet.
1567 4321 1568 4324 η

426 4347 473 4402 22.
503 4293 590 4400 gion:
604 4347 651 4399 ich
663 4344 754 4399 werde
767 4346 820 4398 000
833 4344 916 4398 Raub
929 4344 979 4397 der
1091 4343 1137 4398 28.
1172 4343 1269 4418 nurus]
1299 4345 1435 4416 Hersilia,
1465 4347 1511 4401 dia
1541 4347 1640 4402 Gattin

358 4415 561 4471 Sabinerinnon
585 4414 727 4480 erniihlen,
751 4431 830 4468 wenn
853 4415 901 4468 ich
925 4414 979 4468 000
1023 4412 1070 4466 000
1088 4412 1231 4468 Romulus.

358 4487 423 4556 Tag
448 4485 498 4540 der
524 4484 674 4540 Consualia
702 4484 755 4554 (21.
782 4486 903 4555 August)
931 4484 978 4538 be·
1091 4483 1137 4540 30.
1172 4485 1238 4539 Non
1260 4484 1346 4556 ultra]
1374 4485 1453 4538 nicht
1478 4485 1583 4557 llinger.
1606 4517 1641 4528 -—

356 4555 493 4612 schreibe.
1022 4549 1100 4625 10000]
1118 4553 1212 4626 ltosig,
1230 4554 1304 4609 ohne
1321 4571 1356 4608 zu
1374 4554 1505 4609 handeln.
