3714 5298
853 475 1023 547 Einleitung.

389 665 416 706 aa
431 641 531 708 Molle
553 641 740 723 Cupidineis
763 658 823 706 nec
844 638 1101 722 inexpugnabile
1121 639 1198 704 telis

478 747 541 813 Cor
562 742 650 831 mihi,
674 747 823 828 quodque
845 745 928 812 levis
952 763 1051 811 causa
1065 749 1220 828 moveret,
1244 749 1326 812 erat.

435 853 512 919 Cum
536 857 647 920 tamen
668 854 723 919 hic
746 871 857 935 essem,
879 851 1075 933 minimeque
1097 853 1292 918 accenderer
1313 851 1392 934 igni,

477 959 614 1026 Nomine
636 960 696 1026 sub
719 963 830 1025 nostro
853 957 968 1023 fabula
990 957 1082 1023 nulla
1104 956 1178 1022 luit.
1259 1013 1262 1018 .

433 1067 544 1132 Paene
566 1066 647 1131 mihi
669 1084 769 1148 puero
783 1083 853 1131 nec
876 1064 977 1147 digna
999 1083 1060 1129 nec
1082 1063 1174 1129 utilis
1196 1081 1279 1130 uxor
1319 1115 1350 1125 η.
1458 1107 1460 1116 ,

390 1195 416 1238 a
477 1173 540 1238 Est
562 1173 651 1255 data,
675 1191 759 1253 quae
781 1176 909 1253 tempus
933 1187 993 1252 per
1014 1170 1116 1235 breve
1138 1173 1242 1250 nupta
1264 1169 1279 1235 i
1304 1169 1337 1234 't.
1434 1178 1435 1186 ’

435 1278 491 1344 Illi
513 1278 677 1362 successit,
701 1277 851 1360 quamvis
875 1277 945 1342 sine
968 1275 1103 1341 crimine
1126 1274 1274 1358 coniunx,
1313 1357 1315 1360 .

477 1383 550 1449 Non
572 1388 684 1450 tamen
706 1379 742 1450 in
764 1387 875 1450 nostro
899 1383 993 1448 firma
1015 1381 1129 1446 futura
1152 1385 1232 1446 toro.

434 1490 568 1573 Ultima,
592 1509 675 1571 quae
697 1509 822 1556 mecum
845 1507 934 1556 seros
957 1488 1138 1571 permansit
1159 1488 1194 1553 in
1217 1507 1327 1571 annos,

479 1597 643 1664 Sustinuit
666 1597 808 1662 coniunx
831 1595 935 1662 exulis
958 1612 1030 1661 esse
1051 1595 1125 1660 viri.

391 1728 418 1769 aa
434 1703 523 1768 Filia
544 1721 596 1769 me
618 1722 701 1768 mea·
714 1703 765 1769 bis
788 1703 893 1784 prima
916 1701 1056 1767 fecunda
1077 1701 1224 1783 iuventa,

479 1809 543 1876 Sed
565 1828 630 1875 non
653 1828 694 1875 cx
717 1827 780 1875 uno
803 1809 948 1891 coniuge,
971 1807 1052 1874 fecit
1074 1826 1181 1874 avum.
1254 1843 1256 1850 s

437 1914 571 1980 Etiam
593 1915 773 1996 complerat
794 1916 924 1997 genitor
946 1933 1006 1980 sua
1028 1913 1110 1996 lata,
1133 1932 1313 1994 novemque

481 2020 665 2086 Addiderat
687 2021 800 2089 lustris
823 2022 929 2088 altera
952 2020 1058 2086 lustra
1079 2038 1204 2086 novem.

437 2126 510 2192 Non
532 2127 631 2192 aliter
652 2126 738 2210 flevi,
762 2147 859 2209 quam
881 2146 932 2192 me
954 2125 1091 2192 fleturus
1113 2127 1300 2207 ademptum

394 2259 421 2299 ao
481 2233 544 2298 Ille
566 2232 639 2298 luit.
683 2234 788 2298 matris
805 2233 954 2315 proxima
976 2233 1065 2299 iusta
1085 2231 1158 2298 tuli.

437 2339 565 2405 Felices
589 2339 682 2405 ambo
705 2340 965 2422 tempestiveque
987 2338 1115 2420 sepulti,

481 2445 571 2512 Ante
589 2445 678 2511 ‘diem
700 2464 824 2526 poenae
848 2447 933 2526 quod
955 2445 1082 2528 periere
1103 2446 1211 2510 meael

437 2552 492 2618 Mc
515 2570 641 2633 quoque
664 2551 801 2636 felicem,
825 2554 910 2634 quod
932 2570 997 2618 non
1019 2551 1208 2619 viventibus
1230 2550 1296 2616 illis

423 2715 425 2719 ,
481 2658 559 2725 Sum
581 2658 687 2742 miser,
711 2664 746 2725 et
769 2661 809 2725 de
831 2677 882 2724 me
905 2661 990 2739 quod
1014 2658 1144 2723 doluere
1166 2658 1264 2723 nihil!

394 2788 421 2829 aa
436 2764 472 2830 Si
494 2768 605 2830 tamen
629 2765 785 2832 extinctis
807 2766 931 2846 aliquid
954 2765 1018 2830 nisi
1040 2765 1173 2830 nomina
1193 2768 1332 2846 restant,

479 2870 525 2936 Et
547 2871 682 2952 gracilis
705 2875 848 2937 structos
872 2870 989 2953 effugit
1012 2870 1127 2935 umbra
1149 2887 1260 2951 rogos:

434 2975 546 3058 Fama,
569 2976 766 3060 parentales
790 2977 818 3042 si
841 2996 900 3043 vos
922 2995 996 3041 mea
1018 2975 1167 3057 contigit,
1189 2977 1332 3057 umbrae,
1436 2967 1437 2972 ’

479 3083 526 3148 Et
548 3082 681 3147 suntin
704 3082 819 3166 Stygio
843 3083 981 3148 crimina
1003 3086 1119 3146 nostra
1139 3080 1224 3147 foro:

435 3187 532 3270 Scite,
555 3206 678 3271 precor,
702 3206 834 3254 causam
857 3203 902 3236 2-
924 3207 984 3254 nec
1006 3205 1064 3255 vos
1086 3187 1167 3252 mihi
1189 3186 1304 3253 tallere
1327 3185 1379 3253 fas
1402 3192 1452 3253 est
1475 3225 1520 3252 .—

392 3320 419 3361 ao
479 3295 633 3360 Errorem
655 3294 773 3377 iussae,
796 3315 860 3360 non
883 3295 997 3377 seclus,
1020 3311 1092 3359 esse
1114 3293 1223 3376 fugae.

437 3401 590 3466 Manibus
612 3401 674 3466 hcc
697 3401 779 3466 satis
803 3405 861 3466 est.
908 3402 950 3466 ad
973 3419 1040 3483 voe,
1064 3400 1218 3483 studiosa,
1241 3404 1400 3482 revertor,

399 3547 401 3551 -
451 3514 453 3518 '
481 3507 629 3590 Pectora,
653 3526 739 3587 quae
761 3507 854 3574 vitae
876 3506 1035 3588 quaeritis
1058 3511 1134 3572 acta
1155 3525 1257 3572 meac.

435 3612 507 3677 Iam
529 3614 609 3679 milri
632 3614 770 3680 canities
793 3614 897 3696 pulsis
919 3613 1107 3679 melioribus
1131 3613 1225 3678 annis

481 3719 635 3805 Venerat,
660 3720 814 3800 antiquas
836 3720 1075 3800 miscueratque
1099 3737 1214 3801 comae,

373 3890 418 3945 67.
454 3892 507 3958 hiel
525 3903 555 3946 sc
573 3891 846 3946 leichtentzilndlich.
1036 3893 1081 3946 79.
1103 3891 1586 3961 (lmurucfuitfiirflevissetfirrcal).

373 3959 418 4014 68.
455 3959 563 4034 fabula}
583 3960 783 4018 Stadtklatsch.
963 3996 966 4003 ·
1036 3961 1082 4016 80.
1118 3963 1193 4016 iusta
1216 3963 1290 4029 ferra
1314 3961 1399 4030 (auch
1421 3962 1501 4030 darc)
1525 3961 1587 4014 dem

372 4029 419 4084 66.
450 4033 552 4101 pacare]
570 4031 704 4085 verbinde
722 4032 772 4085 mit
785 4048 895 4101 puero.¹
968 4031 1058 4085 Toten
1076 4031 1121 4084 die
1139 4032 1221 4085 letata
1240 4032 1316 4085 Ehre
1334 4031 1472 4085 erweisen.

303 4161 305 4168 ,
375 4099 418 4153 71.
454 4102 513 4156 aiae
537 4103 649 4156 crimine
676 4101 776 4172 gehdrt
802 4103 854 4155 wie
878 4103 923 4155 ein
1037 4099 1083 4155 82.
1115 4100 1232 4185 poenae]
1251 4103 1300 4155 der
1318 4101 1518 4171 Verbannung.
1571 4133 1576 4148 2

305 4168 487 4238 Adjektivum
505 4189 539 4224 zu
551 4173 687 4226 coniunx:
704 4171 795 4224 dieser
809 4172 924 4226 aweiten
1037 4170 1081 4225 85.
1117 4173 1184 4241 alac]
1202 4171 1248 4224 flur
1266 4176 1385 4240 praeter.

303 4237 380 4292 Fran
420 4238 524 4294 konnte
559 4258 624 4294 man
659 4241 741 4294 keine
777 4240 924 4296 Vorwiirfe
1037 4240 1082 4295 86.
1117 4242 1240 4311 pracilic]
1259 4241 1410 4309 kdrperlos.

303 4308 430 4362 macheu.
1038 4309 1083 4364 61.
1119 4312 1244 4366 studiosa
1266 4311 1389 4381 pectora]
1414 4310 1459 4363 ihr
1486 4307 1587 4362 wilibe-

373 4379 419 4433 75.
456 4377 499 4432 Ob
518 4377 604 4434 Ovids
623 4379 746 4434 Tochter
765 4395 818 4433 von
836 4380 925 4434 seiner
968 4379 1037 4450 gieri
1060 4395 1092 4431 en
1112 4379 1257 4447 (Gemiiter
1277 4381 1336 4449 der)
1355 4380 1461 4433 Lesen
1517 4430 1519 4434 ,

305 4452 394 4500 ersten
431 4449 497 4502 oder
532 4450 647 4503 aweitcn
678 4449 753 4502 Fran
789 4456 924 4516 stammtc,
1038 4398 1083 4504 66.
1111 4449 1146 4504 D.
1157 4451 1185 4504 h.
1198 4451 1251 4504 seit
1262 4452 1367 4505 meincr
1377 4448 1486 4503 Geburt
1494 4463 1587 4500 waren

296 4517 401 4570 ¹crissen
419 4518 470 4571 wir
487 4519 580 4589 nicht3
598 4519 638 4572 sic
655 4535 714 4572 war
728 4519 853 4573 zweimal
863 4538 924 4588 ¹ver·
969 4518 1039 4573 zehn
1049 4517 1236 4590 Olympiadem
1252 4535 1418 4592 vergangen,
1433 4518 1482 4570 das
1496 4519 1587 4569 wiren

303 4586 432 4641 heiratet.
968 4587 1117 4642 succure.
1153 4590 1218 4646 Nun
1241 4608 1300 4644 war
1318 4590 1367 4643 der
1384 4587 1504 4641 Dichter
1521 4587 1588 4640 aber
