3716 5292
328 442 389 508 116
842 469 845 476 ·
865 451 984 505 Zvveiter
1005 451 1077 505 Teii.

432 615 601 698 aSoilicet,
624 621 663 681 ut
685 633 820 697 semper,
844 615 921 696 quid
944 633 1048 698 agam,
1073 614 1247 697 carissime,
1270 615 1409 698 quaeris

507 721 663 804 Quamvis
685 723 747 787 hoc
769 722 824 788 vel
846 740 897 788 me
920 722 1003 786 scire
1025 724 1158 786 tacente
1179 726 1285 802 potes:

462 827 538 893 Sum
561 828 673 910 miser3
696 827 778 894 haec
799 827 910 894 brevis
933 832 985 894 est
1005 831 1189 893 nostrorum
1212 845 1336 894 summa
1358 827 1524 909 malorum,

507 929 666 1017 Quisquis
686 938 720 999 et
743 933 862 1000 offenso
886 933 1026 1000 Caesare
1049 933 1144 1016 vivit,
1168 934 1240 999 erit.

464 1039 575 1105 Turba
598 1040 792 1105 Tomitanae
815 1059 899 1120 quae
922 1041 967 1106 sit
989 1039 1132 1122 regionis
1155 1044 1190 1105 et
1212 1040 1299 1104 inter

419 1169 445 1208 ιο
506 1144 593 1227 Quos
616 1146 762 1211 habitem
785 1164 898 1229 mores
922 1147 1047 1212 discere
1070 1163 1149 1210 cure
1172 1146 1235 1210 tibi
1259 1145 1330 1211 est?

462 1251 570 1317 Mixto
592 1252 637 1317 sit
659 1252 741 1318 haec
764 1253 913 1332 quamvis
936 1253 1023 1318 inter
1047 1251 1252 1332 Graecosque
1275 1251 1449 1334 Getasque,

506 1359 537 1422 A
559 1359 644 1425 mele
666 1359 795 1441 pacatis
817 1359 890 1440 plus
913 1359 1018 1423 trahit
1042 1377 1100 1426 ora
1123 1357 1226 1424 Getis.

462 1464 665 1531 Sarmaticae
688 1465 792 1531 maior
815 1465 1015 1545 Geticaeque
1038 1463 1226 1544 frequentia
1248 1465 1356 1546 gentis

508 1571 574 1635 Per
595 1571 718 1636 medias
741 1571 776 1636 in
800 1571 890 1652 equis
913 1571 1005 1650 itque
1027 1570 1177 1650 reditque
1200 1571 1280 1637 vias.

419 1677 500 1742 1511]
525 1677 641 1757 quibus
665 1684 716 1742 est
738 1695 840 1759 nemo,
864 1676 920 1755 qui
942 1695 1007 1741 non
1030 1682 1167 1758 coryton
1191 1681 1225 1741 et
1247 1694 1357 1741 arcum

508 1784 652 1864 Telaque
675 1784 807 1865 vipereo
830 1783 939 1849 lurida
962 1782 1039 1848 felle
1062 1788 1166 1865 geret.

463 1891 537 1954 Vox
559 1889 639 1973 fera,
663 1894 741 1955 trux
763 1890 885 1972 vultus,
908 1890 1080 1956 verissima
1102 1889 1221 1954 Martis
1243 1889 1364 1971 imago,

508 1996 580 2060 Non
604 2014 702 2078 coma,
724 2013 789 2060 non
812 1995 881 2060 ulla
902 1996 1007 2060 barbe
1029 2000 1157 2061 resecta
1179 2013 1285 2077 manu,

463 2103 611 2168 Dextera
633 2120 697 2167 non
721 2102 829 2184 segnis
851 2101 915 2167 fixo
940 2102 1018 2166 dare
1041 2101 1180 2168 vulnera
1203 2101 1317 2183 cultro,

420 2234 446 2273 ro
507 2208 609 2291 Quem
632 2208 777 2276 iunctum
800 2207 899 2272 lateri
921 2209 1082 2273 barbarus
1105 2207 1206 2273 omnis
1229 2207 1338 2273 habet.

463 2313 559 2380 Vivit
581 2314 616 2378 in
639 2313 689 2380 his
712 2315 787 2379 heu!
811 2332 905 2396 nunc,
928 2314 1071 2380 lusorum
1095 2314 1215 2380 oblitus
1239 2331 1390 2395 amorum,

508 2420 577 2485 Hos
600 2420 701 2503 videt,
723 2420 782 2485 hos
804 2423 900 2486 vates
923 2420 1024 2502 audit,
1048 2420 1159 2501 amice,
1181 2420 1269 2484 tuus!

464 2527 574 2606 Atque
598 2527 723 2592 utinam
747 2526 842 2593 vivat
865 2529 899 2590 et
922 2544 986 2591 non
1009 2527 1169 2591 moriatur
1190 2525 1322 2608 inillis,

509 2633 607 2698 Absit
631 2634 672 2699 ab
696 2633 811 2699 invisis
835 2636 1001 2698 ettamen
1025 2633 1140 2697 umbra
1163 2632 1255 2697 locist

420 2762 447 2800 a
464 2737 616 2805 Carmina
639 2741 723 2823 quod
745 2739 841 2820 pleno
865 2737 982 2803 saltari
1004 2744 1117 2803 nostre
1140 2738 1271 2803 theatro

509 2846 666 2912 Versibus
690 2850 724 2911 et
746 2845 859 2927 plaudi
881 2845 1005 2927 scribis
1030 2845 1140 2927 amice,
1163 2844 1255 2908 meis:

465 2951 519 3015 Nil
543 2951 690 3032 equidem
713 2950 778 3016 ieci
801 2954 905 3014 -tu
928 2951 991 3015 seis
1015 2950 1075 3015 hoc
1097 2950 1168 3032 ipse
1190 2986 1234 2995 -
1257 2949 1407 3032 theatris

510 3058 605 3123 Musa
628 3075 688 3124 uec
710 3056 744 3122 in
767 3057 899 3136 plausus
923 3056 1096 3121 ambitiose
1116 3074 1190 3121 mea
1213 3061 1271 3121 est.

465 3164 537 3228 Non
559 3167 670 3229 tamen
693 3163 859 3245 ingratum
883 3166 942 3245 est,
965 3163 1186 3245 quodcumque
1209 3161 1333 3228 oblivia
1355 3159 1459 3226 nostri

422 3295 449 3334 a
508 3269 651 3351 Impedit
674 3274 708 3335 et
730 3268 861 3351 profugi
884 3286 999 3334 nomen
1021 3269 1056 3332 in
1079 3287 1138 3334 ora
1159 3267 1271 3333 refert.

467 3375 624 3458 Quamvis
646 3377 819 3457 interdum,
842 3393 926 3456 quae
949 3392 999 3439 me
1022 3373 1157 3440 laesisse
1178 3375 1331 3439 recordor

512 3481 663 3548 Carmina
686 3484 830 3549 devoveo
853 3480 1065 3561 Pieridasque
1087 3498 1185 3564 meas

467 3589 547 3655 Cum
568 3590 651 3656 bene
674 3589 801 3671 devovi,
824 3604 948 3667 nequeo
971 3591 1082 3652 tamen
1105 3604 1175 3651 esse
1197 3585 1268 3650 sine
1289 3581 1363 3663 illis,
1420 3612 1425 3622 ·

511 3694 773 3776 Vulneribusque
794 3694 875 3760 meis
896 3692 966 3759 tela
988 3696 1124 3758 cruenta
1146 3706 1274 3771 sequor3

423 3829 450 3868 a
466 3802 622 3886 Quaeque
643 3804 736 3870 modo
759 3799 914 3867 Euboicis
940 3798 1088 3864 lacerata
1112 3801 1162 3862 est
1184 3794 1344 3875 fluctibus,
1367 3791 1467 3856 audet

403 4018 456 4074 No.
475 4019 521 4074 51.
558 4018 588 4074 o.
620 4016 777 4071 Verbinde:
796 4017 839 4070 oei
855 4031 895 4069 me
914 4020 954 4068 tc·
1052 4015 1097 4067 21.
1134 3998 1615 4076 lusorumomorum]derepielenden,

334 4093 417 4142 cocta
999 4082 1167 4136 tindelnden
1203 4073 1447 4147 Liebesgedicht03
1488 4067 1544 4136 vgl.
1582 4083 1616 4118 uu

404 4157 431 4212 8.
468 4157 721 4228 cormeliensem,
735 4155 857 4211 niimlioh
866 4155 955 4208 miser.
997 4151 1051 4207 No.
1065 4153 1088 4218 l,
1103 4153 1125 4204 1.
1302 4215 1308 4229 ⁸
1369 4211 1375 4223 ι
1431 4206 1437 4242 1

387 4226 431 4281 12.
488 4227 531 4280 lus
548 4228 646 4296 trahit]
668 4228 767 4280 uimmt
789 4227 868 4280 mehr
892 4240 956 4277 vom
1052 4223 1096 4278 22.
1133 4221 1218 4289 votes]
1237 4231 1336 4296 nomlu.
1355 4225 1438 4278 ⁸1⁰8·-

335 4295 438 4350 Wesen
471 4311 500 4349 er
513 4295 604 4352 Geten
617 4313 661 4363 an,
679 4297 716 4349 ist
727 4297 806 4350 mehr
822 4296 875 4347 mit
892 4293 955 4345 dem
1052 4291 1097 4346 24.
1132 4290 1232 4359 tamea]
1251 4285 1422 4360 weusgstcns·

335 4365 438 4420 Wesen
463 4365 513 4418 der
531 4365 622 4422 Geteu
647 4366 806 4420 durchsetzt
830 4364 883 4434 (uls
905 4363 956 4414 mit
1051 4362 1096 4416 25.
1133 4358 1237 4412 Suenen
1264 4370 1312 4408 cue
1327 4361 1432 4431 'semen
1456 4340 1614 4411 Jugcudge·

335 4437 398 4488 dem
416 4435 465 4489 der
486 4433 646 4506 Grieehen).
1000 4431 1113 4483 dichten
1132 4427 1244 4480 wurden
1263 4425 1290 4476 in
1310 4433 1385 4473 emer
1402 4412 1454 4466 Art
1472 4427 1525 4462 von
1542 4408 1614 4461 Pan·

387 4506 433 4560 ra.
476 4508 566 4560 masor
618 4505 787 4574 frequenta]
840 4502 955 4574 aenae
999 4501 1111 4555 amima
1129 4497 1181 4551 auf
1196 4497 1260 4550 rem
1277 4489 1400 4543 Theater
1419 4477 1590 4548 uareewllt·

336 4573 466 4628 Scharen.
1051 4569 1097 4626 29.
1132 4565 1246 4633 oblivia]
1264 4575 1321 4614 ace·
1340 4554 1412 4624 plur·
