3716 5292
767 408 1061 483 mammas

446 582 585 649 Fumnm
608 583 648 649 de
671 584 788 666 patriis
811 603 905 667 posse
927 586 1041 654 videre
1063 587 1153 656 focis.

358 715 385 758 ss
400 688 516 756 Nescio
540 707 605 770 qua
628 689 741 756 natale
762 690 867 757 solum
889 691 1059 760 dulcedine
1082 700 1215 762 cunctos

446 795 556 879 Ducit
579 800 614 862 et
636 795 828 863 inmemores
851 814 915 864 non
938 799 1019 864 sinit
1042 817 1113 867 esse
1135 802 1195 868 sui

402 900 488 986 Quid
510 901 625 968 melius
648 900 772 968 Roma?
810 902 964 987 Scythico
988 905 1067 987 quid
1088 906 1212 990 frigore
1234 909 1348 990 peius?
1406 914 1415 923 ”

446 1009 520 1074 Huc
542 1013 653 1074 tamen
676 1025 718 1074 ex
740 1008 799 1075 illa
822 1010 983 1078 barbarus
1005 1013 1088 1079 urbe
1110 1012 1206 1098 fugit.

401 1114 479 1181 Oum
502 1115 587 1181 bene
608 1114 654 1180 sit
677 1114 808 1182 clausae
830 1134 934 1185 cauea
952 1119 1123 1186 Pandione
1145 1125 1254 1204 natae,

355 1247 384 1288 4ο
443 1220 572 1287 Nititur
593 1221 629 1286 in
651 1221 754 1288 silvas
777 1221 837 1287 illa
858 1223 967 1291 redire
989 1243 1074 1292 suas.

399 1328 563 1394 Adsuetos
585 1327 676 1393 tauri
698 1327 812 1412 saltus,
836 1330 975 1396 adsueta
995 1331 1106 1398 leones
1128 1369 1173 1380 —

443 1433 513 1500 Nec
534 1431 652 1500 feritas
675 1432 748 1502 illos
770 1435 975 1517 impedit-
998 1442 1097 1504 antra
1119 1442 1245 1519 petunt.

400 1540 451 1607 'Pu
473 1545 584 1607 tamen
607 1539 699 1606 exilii
721 1559 845 1608 morsus
869 1561 887 1609 e
909 1548 1042 1624 pectore
1064 1549 1176 1611 nostro

444 1647 612 1713 Fomentis
634 1664 748 1729 speras
773 1650 886 1714 cedere
908 1667 1003 1731 posse
1025 1650 1100 1716 tuis.

354 1779 382 1821 m
398 1753 511 1836 Effice,
533 1770 593 1819 vos
615 1752 680 1834 ipsi
703 1772 745 1820 ne
767 1757 837 1820 tam
859 1756 939 1821 mihi
961 1755 1037 1824 sitis
1059 1757 1196 1840 amandi,

444 1859 581 1925 Talibus
603 1863 642 1924 ut
663 1859 770 1927 levius
793 1860 839 1926 sit
862 1861 1006 1930 caruisse
1027 1863 1157 1930 malum.

397 1966 453 2049 At,
477 1969 565 2049 puto,
589 1983 655 2047 qua
677 1965 804 2032 lucram
826 1968 967 2052 genitus,
990 1969 1109 2041 tellure
1132 1970 1259 2036 carenti
1367 2025 1369 2030 t
1409 1987 1411 1990 ·

442 2071 482 2136 In
505 2076 616 2137 tamen
638 2072 780 2139 hnmano
803 2073 944 2156 contigit
966 2091 1036 2140 esse
1058 2075 1136 2141 loco.

397 2176 494 2244 Orbis
516 2177 553 2243 in
576 2178 716 2244 extremi
737 2179 829 2246 iaceo
852 2181 1001 2247 desertus
1023 2181 1164 2265 harenis,

352 2311 380 2352 ao
439 2283 523 2350 Fert
545 2283 603 2350 ubi
625 2289 803 2366 perpetuas
825 2285 944 2352 obruta
967 2291 1058 2352 terra
1080 2287 1182 2355 nives.

395 2391 467 2458 Non
490 2409 572 2474 ager
593 2391 648 2456 hic
669 2408 807 2475 pomum,
830 2409 895 2458 non
918 2391 1028 2458 dulces
1051 2395 1170 2460 educat
1192 2395 1320 2478 herbas,
1403 2421 1406 2428 ·

440 2497 514 2564 Non
536 2496 654 2563 salices
677 2497 759 2581 ripa,
783 2499 1034 2564 roboramenta
1056 2498 1175 2566 vdent

395 2604 487 2670 Neve
510 2602 632 2669 iratum
655 2603 769 2670 laudes
791 2606 882 2670 terra
904 2603 1018 2687 magis,
1042 2621 1184 2684 aequora
1207 2624 1334 2688 semper
1379 2641 1381 2646 ·

440 2710 621 2776 Ventorum
644 2710 736 2776 rabie
759 2710 880 2777 solibus
903 2711 984 2776 orba
1006 2715 1143 2778 tument.

350 2842 378 2883 as
393 2815 603 2900 Quocumque
625 2816 772 2901 aspicies,
795 2817 902 2898 campi
924 2816 1050 2883 cultore
1072 2821 1223 2884 carentes

439 2923 619 3006 Vastaque,
642 2940 728 3004 quae
750 2941 843 2989 nemo
866 2922 1022 3006 vindicet,
1046 2941 1129 2990 arva
1150 2923 1270 2990 iacent

393 3029 508 3096 Hostis
531 3031 628 3098 adest
650 3030 769 3096 dextra
789 3029 952 3110 laevaque
975 3047 996 3093 a
1017 3034 1115 3111 parte
1137 3030 1309 3114 timendus,
1399 3088 1402 3094 .

438 3136 619 3217 Vicinoque
640 3139 730 3202 metu
752 3140 858 3201 terret
880 3139 1055 3217 utrumque
1076 3136 1175 3202 latus

391 3243 509 3309 Altera
531 3242 698 3310 Bistonias
721 3251 797 3323 pars
820 3246 872 3308 est
893 3260 1030 3308 sensura
1051 3241 1201 3308 sarissas:

347 3377 374 3417 ro
435 3349 553 3415 Altera
576 3347 762 3416 Sarmatica
784 3347 911 3429 spicula
933 3348 1032 3414 missa
1054 3365 1161 3414 mann.

730 3455 747 3492 *
945 3455 962 3493 *

837 3500 854 3536 *

346 3588 374 3629 aa
390 3561 461 3645 Quo
484 3562 590 3645 magis
613 3561 764 3643 ignoscat
787 3559 953 3641 sapientia
975 3563 1090 3626 vestra
1114 3521 1246 3643 dolenti,

397 3700 402 3709 ·
434 3666 499 3751 Qui
521 3667 606 3734 iacit
629 3685 671 3733 ex
693 3665 791 3732 dictis
814 3666 952 3732 nonita
975 3666 1079 3732 multa
1093 3667 1177 3732 tuis.

389 3773 458 3839 Nee
480 3778 592 3840 tamen
615 3772 747 3856 infitior,
771 3772 801 3839 si
823 3771 949 3856 possint
971 3777 1085 3839 nostra
1108 3772 1194 3838 coire

310 3979 358 4035 89.
395 3979 463 4034 donc
490 3979 641 4048 inprdeh'
679 3997 707 4032 m
722 3977 809 4051 Ktfig
826 3978 884 4032 und
927 3978 1128 4033 vouMlinnern
1147 3979 1228 4034 derS
1267 3979 1357 4034 eund
1370 3977 1549 4046 Geschichte,

259 4053 341 4104 uniar
357 4055 440 4121 guter
503 4065 569 4119 ege,
594 4065 624 4104 so
729 4049 769 4103 sie
793 4066 822 4103 es
846 4065 883 4103 sn
927 4048 972 4102 die
991 4048 1233 4103 ebeniallsindie
1275 4049 1439 4118 erbannung
1456 4048 1548 4118 gehen

257 4117 317 4172 sich
334 4135 406 4189 gana
424 4124 476 4190 gut
493 4118 553 4173 hat.
926 4117 1056 4186 muflten‚
1074 4118 1131 4171 und
1148 4119 1230 4172 sucht
1247 4118 1469 4184 naohzuweiscn,
1494 4117 1549 4172 dall

308 4189 355 4245 ll.
391 4186 512 4262 omenti]
538 4203 617 4242 wenn
641 4187 689 4242 ioh
712 4189 799 4242 sehon
825 4195 883 4242 ent·
926 4188 973 4241 ihr
982 4187 1041 4242 Los
1057 4187 1275 4242 beneidenswert
1292 4204 1350 4241 war
1367 4188 1406 4241 im
1418 4186 1548 4241 Verhtilt-

254 4258 360 4313 behren
377 4259 450 4312 muss.
926 4257 970 4310 nis
992 4275 1027 4310 au
1050 4258 1168 4325 seinaim,
1192 4257 1230 4312 da
1251 4257 1291 4311 sie
1303 4257 1389 4310 nicht
1405 4257 1434 4310 in
1453 4256 1549 4310 solche

307 4327 353 4384 dd.
388 4326 752 4397 cladiocl]beanspruohen.
779 4327 882 4381 Istder
926 4326 1104 4382 entsetnliche
1131 4325 1249 4398 Gegend
1276 4328 1412 4380 verbannt
1441 4342 1549 4395 waren3

255 4395 432 4451 Kon'unlitiv
449 4395 549 4452 kaurel
567 4395 636 4451 oder
653 4396 843 4452 konrekutiv‘?
923 4396 961 4450 da
979 4412 1037 4450 war
1054 4411 1083 4449 es
1100 4396 1174 4451 deun
1192 4397 1266 4450 auch
1284 4395 1349 4450 luein
1362 4395 1547 4462 Kumateok,

342 4502 351 4522 .
387 4465 879 4537 indenhierausgelassenenVersen
923 4465 970 4520 die
979 4463 1232 4537 Verbannungmit
1243 4465 1394 4519 mehrMut
1403 4482 1439 4518 au
1447 4471 1546 4538 tragon

254 4535 359 4590 til—84
376 4537 439 4608 gibt
450 4534 524 4592 Ovio
537 4535 619 4590 einen
635 4535 738 4607 langen
750 4535 881 4606 Katalog
924 4535 966 4589 als
984 4552 1013 4589 es
1032 4534 1104 4590 Ovid
1121 4552 1244 4606 vermag.

1333 4621 1369 4674 9*
