3716 5292
847 429 966 486 Zweiter
988 433 1060 488 Teil.

492 592 647 675 Vulnera,
669 594 857 675 praeceptis
878 613 974 676 posse
997 597 1084 664 coire
1107 599 1182 665 tuis.

448 698 512 766 Sed
534 715 658 783 vereor,
681 716 723 765 ne
745 717 797 765 me
818 698 945 768 frustra
966 720 1101 771 servaro
1122 705 1260 788 labores,

404 829 432 870 oo
491 804 563 871 Neu
585 805 681 872 iuver
703 805 836 872 sancta
857 808 1005 888 perditus
1029 828 1129 893 aeger
1150 829 1219 893 ope.

448 910 517 978 Neo
538 911 654 993 loquor
676 912 767 994 baec
793 912 871 992 quia
893 913 938 980 sit
959 916 1064 982 maior
1085 917 1261 998 prudentia
1283 919 1388 1001 nobis3

494 1017 558 1085 Sed
581 1035 772 1098 numquam
795 1019 919 1086 medico
942 1021 1051 1088 notior
1072 1023 1142 1104 ipse
1164 1024 1252 1090 mihi

448 1125 497 1192 Ut
518 1128 631 1190 tanen
652 1124 715 1190 hoc
736 1123 787 1190 ita
808 1125 863 1209 sit,
885 1145 1002 1194 nunus
1024 1131 1084 1194 tua
1106 1132 1231 1212 grande
1253 1130 1406 1198 voluntas

493 1230 547 1296 Aa
568 1226 620 1295 me
642 1229 804 1314 pervenit,
828 1231 1072 1315 consuliturque
1093 1236 1180 1303 boni

770 1459 1147 1546 MOEOERHQ

635 1614 702 1681 Ich
724 1615 788 1682 bin
811 1633 883 1683 nur
906 1617 998 1684 noch
1021 1617 1080 1686 ein
1102 1615 1286 1688 Schatten.

450 1772 538 1838 Naso
561 1789 619 1838 suo
642 1771 800 1855 profugus
823 1738 929 1840 mittit
951 1774 1023 1858 tibi,
1046 1775 1165 1842 Flacco
1186 1776 1338 1844 salutem:

494 1878 632 1944 Mittere
653 1896 722 1943 rem
745 1878 856 1962 siquis,
879 1899 945 1960 qua
968 1886 1061 1948 caret
1082 1881 1162 1963 ipsa,
1184 1887 1302 1965 potest.

449 1985 582 2068 Longus
604 1984 690 2050 enim
713 1984 800 2051 curis
822 1985 979 2051 vitiatum
1002 2005 1117 2069 corpus
1139 1990 1261 2056 amaris

493 2091 566 2156 Non
588 2090 717 2172 patitur
738 2091 827 2156 vires
850 2091 990 2174 languor
1011 2093 1134 2160 habere
1156 2112 1241 2162 suas.

420 2197 517 2264 allec
539 2197 632 2262 dolor
653 2195 739 2262 nllus
762 2197 865 2279 adest,
887 2215 949 2263 uec
970 2197 1118 2266 febribus
1140 2217 1218 2266 uror
1240 2203 1374 2287 anhelis,

493 2305 540 2368 Et
561 2302 694 2386 peragit
715 2301 807 2368 soliti
828 2321 915 2370 vona
938 2305 1061 2370 tenoris
1083 2305 1157 2371 iter.

449 2408 494 2476 Os
516 2409 616 2475 habes
640 2412 699 2492 est,
721 2408 914 2490 positaeque
935 2415 1069 2477 movent
1091 2410 1228 2478 fastidia
1250 2431 1390 2498 mensae,

492 2516 539 2581 Et
562 2532 689 2599 queror,
711 2513 811 2582 invisi
835 2533 907 2581 cunr
929 2517 1022 2583 venit
1044 2519 1126 2584 hora
1149 2519 1222 2585 cibi.

449 2622 542 2706 Quod
564 2639 663 2705 mara
686 2621 772 2703 quod
794 2621 902 2706 tellus,
926 2641 1060 2707 appone,
1084 2625 1169 2705 quod
1192 2626 1310 2692 educat
1334 2645 1399 2712 aer,

404 2755 432 2797 ιο
491 2728 547 2794 Nil
570 2728 627 2812 ibi,
650 2728 852 2810 quodnobis
876 2731 1048 2813 esuriatur,
1072 2732 1145 2797 erit.

447 2835 571 2901 Nectar
593 2839 628 2901 et
651 2834 856 2917 ambrosiam,
878 2835 996 2902 latices
1019 2837 1194 2918 epulasque
1218 2839 1359 2923 deorum,
1386 2830 1388 2834 ’

491 2943 559 3008 Det
581 2941 662 3006 mihi
684 2940 826 3007 formosa
848 2959 938 3008 nava
959 2941 1102 3008 Inventa
1123 2961 1231 3027 manu,

447 3048 519 3113 Non
542 3053 654 3114 tamen
677 3051 816 3113 exacuet
838 3051 972 3128 torpens
994 3066 1092 3129 sapor
1113 3049 1171 3115 illc
1192 3049 1348 3131 palatum.

493 3153 605 3220 Stabit
628 3157 663 3218 et
684 3153 720 3217 in
742 3154 909 3219 stomacho
932 3155 1059 3235 pondus
1081 3155 1188 3222 inerte
1211 3157 1275 3222 diu

403 3285 431 3326 ra
446 3260 539 3326 Haec
562 3277 622 3342 ego
645 3277 709 3325 non
732 3259 847 3341 ausim,
871 3277 943 3325 cum
965 3261 1033 3326 sint
1055 3262 1234 3346 verissima,
1258 3263 1365 3331 cnivis

492 3365 651 3448 Scribere,
675 3364 810 3431 delicias
832 3384 875 3432 ne
896 3365 985 3432 mala
1006 3372 1122 3434 nostra
1144 3374 1249 3436 vocet.

449 3471 583 3539 Scilicet
605 3473 635 3539 is
657 3475 765 3538 status
789 3478 848 3556 est,
872 3491 912 3538 ea
933 3491 1043 3540 rerum
1065 3473 1170 3540 forma
1192 3493 1345 3558 mearum,

492 3577 629 3645 Deliciis
652 3579 752 3645 etiam
774 3579 878 3660 possit
900 3584 939 3646 ut
962 3598 1033 3646 esse
1055 3581 1157 3647 locust

448 3684 594 3752 Delicias
616 3685 667 3753 illi
689 3704 805 3767 precor
827 3686 887 3750 has
910 3687 1108 3770 contingere,
1131 3687 1234 3768 siquis

405 3820 433 3860 zo
493 3792 542 3857 Ne
565 3793 646 3858 mihi
668 3792 714 3858 sit
735 3792 841 3858 levior
864 3792 1014 3859 Caesaris
1036 3792 1095 3876 ira,
1119 3794 1222 3858 timet.

449 3899 484 3965 Is
507 3917 644 3982 quoque,
668 3899 725 3980 qui
747 3898 865 3981 gracili
889 3899 980 3965 cibus
1003 3899 1112 3965 estin
1135 3917 1276 3981 corpore,
1300 3917 1437 3980 somnus,

387 4065 433 4118 90.
465 4064 597 4133 perditus
607 4064 699 4134 aeger]
717 4064 763 4118 ein
780 4063 867 4118 achon
881 4063 941 4117 anf·
1052 4065 1081 4120 5.
1114 4061 1601 4135 sebribmrorlwerdcvonl'ieber-

317 4134 475 4206 gegebenar
493 4133 633 4188 Krunker.
983 4134 1059 4188 bitae
1079 4133 1256 4204 geschbttela
1394 4173 1396 4182 .

387 4203 433 4258 94.
469 4203 620 4258 conceditur
633 4202 710 4274 bona]
728 4202 798 4256 vird
810 4208 862 4274 gut
879 4202 940 4256 anf·
1055 4205 1081 4259 l.
1116 4218 1146 4257 oa
1170 4201 1251 4257 habea
1274 4202 1322 4272 cat]
1348 4201 1397 4254 der
1420 4200 1540 4268 Appetit
1564 4195 1602 4252 ist

317 4287 489 4344 genommen,
507 4272 636 4328 dankbar
653 4273 816 4328 anerkannt.
982 4276 1072 4343 trigo.
1555 4337 1562 4350 ·

1034 4343 1080 4397 1⁰.
1115 4342 1189 4408 qood
1205 4371 1240 4382 ·-
1258 4339 1406 4409 nudatur]
1421 4337 1536 4392 wonach
1554 4337 1600 4390 rch

387 4413 441 4468 llo.
453 4411 500 4467 58.
527 4411 587 4466 Der
599 4412 734 4466 Adreaeat
745 4411 891 4468 Flaccus
902 4413 939 4464 ist
982 4410 1143 4481 Veriangen
1161 4411 1249 4466 bitte.

316 4497 369 4536 unu
386 4489 461 4536 aona
477 4481 557 4536 nicht
574 4481 708 4537 bekannt
1035 4481 1080 4536 la.
1115 4481 1237 4550 meae]
1260 4477 1380 4547 erumpi,
1404 4476 1455 4528 mit
1475 4475 1600 4544 palatum

387 4552 415 4607 3.
449 4553 586 4622 cithium]
608 4551 789 4624 augegriffen.
982 4569 1016 4604 an
1033 4548 1195 4605 verbindan.
