3714 5298
829 433 925 488 Erster
946 434 1019 490 Teil.

461 599 528 664 Nec
550 616 655 681 prece,
678 617 738 663 nec
760 597 876 680 pretio,
899 616 960 664 nec
981 603 1093 665 movet
1114 598 1172 664 ille
1194 599 1299 664 minis.

416 703 480 768 ‘Nil
503 704 586 786 agis!
632 703 776 785 eripiam’
800 703 885 768 dixit
907 712 975 784 ‘per
997 704 1133 769 crimina
1155 705 1271 772 vitam:

460 808 578 876 Falsus
602 810 756 876 adulterii
778 809 874 875 testis
898 809 1028 875 adulter
1050 828 1119 876 ero:

357 939 398 980 125
413 914 604 981 Interimam
626 915 792 998 famulum,
815 934 887 981 cum
910 933 973 996 quo
997 916 1156 996 deprensa
1178 916 1312 982 fereris?

459 1020 638 1087 Succubuit
659 1021 767 1087 lamae
790 1021 881 1089 victa
903 1019 1014 1101 puella
1035 1026 1133 1088 metu.

415 1123 509 1210 Quid,
534 1127 647 1210 victor,
670 1126 815 1209 gaudes?
860 1128 941 1192 haec
964 1131 999 1193 te
1021 1128 1162 1195 victoria
1184 1129 1308 1210 perdet.

459 1233 533 1298 Heu
557 1237 678 1313 quanto
702 1234 811 1316 regnis
834 1252 899 1299 nox
922 1233 1018 1299 stetit
1040 1252 1107 1298 una
1128 1234 1209 1300 tuisl

414 1338 548 1419 Iamque
571 1344 644 1406 erat
667 1344 741 1405 orta
763 1340 841 1405 dies.
886 1339 991 1421 passis
1012 1341 1106 1414 sedet
1127 1340 1187 1405 illa
1209 1341 1345 1425 capillis,

355 1469 396 1508 111
457 1444 504 1510 Ut
526 1446 611 1510 solet
634 1445 770 1511 adnati
792 1448 899 1510 mater
920 1445 1011 1510 itura
1032 1464 1158 1528 rogum:

413 1548 710 1632 Grandaevumque
732 1555 860 1631 patrem
882 1551 945 1616 fido
969 1569 1041 1616 eum
1065 1552 1201 1634 coniuge
1224 1553 1341 1624 eastris

458 1656 594 1723 Evocat.
641 1661 675 1722 et
696 1657 805 1737 posita
827 1657 922 1728 venit
943 1661 1082 1738 uterque
1103 1676 1203 1723 mora.

413 1761 524 1842 thue
546 1763 660 1830 vident
683 1763 841 1846 habitum,
865 1781 948 1843 quae
970 1763 1079 1829 luctus
1103 1783 1209 1848 causa,
1231 1765 1411 1848 requirunt,

458 1867 517 1933 Oui
538 1874 635 1950 paret
658 1870 821 1953 exequias,
844 1887 950 1949 quove
972 1870 1017 1935 sit
1040 1870 1109 1934 icta
1131 1869 1237 1936 malo?

353 1972 701 2058 111111111111111111,
723 1975 976 2056 pudibundaque
999 1975 1085 2040 celat
1108 1976 1230 2041 amictu

456 2078 534 2146 Ora:
557 2080 663 2146 fluunt
685 2080 839 2146 lacrimae
862 2100 951 2146 more
972 2082 1125 2162 perennis
1148 2100 1261 2162 aquae.

411 2186 498 2251 Hinc
520 2191 623 2269 pater,
646 2186 723 2264 hinc
746 2188 886 2253 coniunx
908 2188 1059 2252 lacrimas
1083 2187 1238 2270 solantur,
1261 2192 1423 2272 otorant,

455 2292 591 2376 Iudicat,
615 2296 650 2358 et
673 2311 768 2359 caeco
791 2292 935 2375 flentque
958 2297 1145 2374 paventque
1167 2298 1265 2359 metu.

411 2397 477 2463 Ter
500 2403 617 2464 conata
640 2399 805 2480 loquitar
827 2400 970 2474 destitit:
994 2417 1137 2479 ausaque
1160 2404 1287 2482 quarto,

351 2528 392 2567 14⁰
452 2503 523 2570 Non
547 2506 656 2572 oculos
679 2506 751 2571 ideo
774 2505 909 2571 sustulit
930 2505 989 2570 illa
1012 2523 1095 2572 suos.
1134 2561 1135 2564 ,

410 2609 490 2675 ‘Hoc
513 2629 641 2692 quoqne
664 2611 841 2692 Tarquinio
866 2610 1074 2677 debebimus?
1120 2612 1270 2696 eloquar,’
1293 2613 1410 2697 inquit,

440 2716 609 2798 fdlloquar
631 2717 748 2784 infelix
771 2718 910 2784 dedecus
931 2718 1004 2799 ipsa
1026 2718 1162 2794 meumi’

409 2821 564 2905 Quaeque
586 2826 705 2906 potest,
727 2829 850 2889 narrat.
896 2824 1069 2890 restabant
1091 2823 1220 2890 ultima:
1247 2825 1349 2909 flevit,

453 2929 500 2994 Et
522 2931 720 2996 matronales
743 2931 902 2997 erubuere
924 2948 1037 3012 genae.

350 3033 650 3112 11111111111111111
673 3035 762 3101 iacto
785 3037 916 3119 genitor
939 3037 1143 3116 coniunxque
1166 3040 1311 3112 coactae:

453 3137 576 3224 ‘Quam'
600 3142 685 3207 dixit
707 3142 846 3210 ‘veniam
869 3161 927 3208 vos
951 3143 1047 3226 datis,
1070 3143 1143 3224 ipsa
1164 3142 1266 3225 nego?

408 3247 476 3313 Nec
499 3266 597 3330 mora,
621 3248 726 3314 celato
749 3248 823 3314 lixit
846 3267 905 3314 sua
926 3253 1062 3329 pectora
1084 3248 1180 3332 ferro,

454 3353 506 3418 Et·
524 3353 612 3418 cadit
634 3354 669 3420 in
691 3355 817 3434 patrios
839 3354 1094 3436 sanguinulenta
1115 3356 1222 3437 pedes

409 3459 501 3526 'lunc
524 3478 659 3543 quoque,
682 3460 748 3538 iam
771 3461 918 3544 moriens,
941 3479 982 3526 ne
1005 3479 1069 3526 non
1091 3462 1285 3542 procumbat
1307 3461 1451 3544 honeste,

350 3591 391 3631 150
450 3566 607 3647 Respicit.
653 3568 734 3632 haec
758 3567 858 3632 etiam
881 3585 960 3632 cura
983 3567 1129 3632 cadentis
1153 3571 1234 3632 erat.

408 3672 495 3738 Ecce
517 3690 615 3753 snper
635 3691 762 3756 corpus,
785 3674 966 3739 eommunia
989 3674 1107 3737 damna
1129 3677 1304 3755 gementes

454 3777 558 3844 Obliti
581 3780 714 3861 decoris,
737 3779 854 3859 virque
876 3784 1036 3861 paterque
1057 3779 1176 3844 iacent.

408 3886 531 3950 Brutus
555 3887 657 3968 adest,
680 3888 876 3966 tandemque
899 3886 1005 3951 animo
1029 3903 1088 3951 sna
1111 3885 1241 3950 nomina
1263 3883 1361 3966 fallit,

328 4135 390 4190 123.
427 4136 553 4206 1111111111]
572 4135 851 4207 Auechuldigungen.
994 4135 1055 4190 lle.
1095 4135 1160 4206 noo]
1189 4152 1223 4188 111
1249 4135 1372 4204 bonade,
1399 4136 1449 4190 das
1475 4151 1562 4206 ganne

329 4205 392 4261 128.
429 4211 532 4272 quanto
550 4207 634 4274 stetit]
653 4206 763 4262 wieviel
775 4205 895 4260 kostetel
944 4205 1011 4274 ,mit
1027 4203 1178 4260 Austand.“

328 4275 390 4330 lat.
425 4273 559 4349 solantur]
584 4278 705 4346 trdeten,
735 4276 839 4330 cuchen
863 4293 899 4329 zu
994 4274 1058 4330 153.
1101 4273 1208 4328 'Brutus
1241 4274 1320 4328 heisst
1352 4273 1563 4344 ,schwerfdlliffi

273 4344 417 4399 trockneu.
941 4343 1120 4397 uuverntlufti
1143 4348 1165 4397 .“
1203 4343 1562 4466 811111ν1111111ἰὲῐεθίηθι1

272 4551 293 4607 S
310 4481 474 4606 hllbhdoe]
488 4483 560 4541 eben
573 4486 623 4540 das
634 4484 810 4558 ¹Gestdndnis
822 4485 898 4538 ihrer
940 4482 1084 4608 {rdssateigt
1107 4483 1162 4538 dull
1187 4499 1217 4537 er
1240 4484 1292 4536 mit
1309 4412 1563 4539 Unrechtall’irffitrlrle

295 4570 309 4606 c
331 4569 393 4607 mac
415 4595 421 4607 .
1020 4593 1027 4607 .

327 4414 390 4471 141).
426 4414 497 4485 ideo]
516 4415 592 4469 beim
609 4413 716 4469 Redeo.
941 4413 1048 4468 Numen
1061 4413 1130 4467 duro
1161 4413 1255 4467 seineu
1268 4412 1394 4467 Geistzu
