3716 5292
852 463 970 516 Zweiter
992 463 1064 516 Teii.

494 627 567 694 Non
589 627 663 694 odio
686 627 818 708 qnidam
842 626 1022 692 destituere
1043 626 1116 691 mei.

449 735 522 800 Non
544 732 611 798 illis
633 733 750 816 pietas,
772 750 837 798 non
860 731 1005 799 officiosa
1026 732 1180 799 voluntas

494 839 624 906 Defuit:
647 840 803 907 adversos
826 839 1007 904 extimuere
1029 839 1114 904 deos

449 947 560 1028 thue
582 945 687 1028 magis
711 945 801 1010 canti
823 949 958 1026 possunt
981 945 1152 1025 timidique
1175 945 1290 1027 videri,

406 1079 434 1119 ro
493 1051 548 1119 Sic
571 1050 733 1133 appellari
755 1069 819 1117 non
842 1069 989 1117 meruere
1012 1051 1099 1116 mali.

450 1159 520 1225 Ant
542 1176 633 1224 meus
656 1162 794 1224 excusat
816 1175 909 1224 caros
931 1157 981 1223 ita
1004 1157 1126 1222 candor
1148 1157 1276 1240 amicos,

495 1265 606 1345 thue
627 1263 774 1329 habeant
796 1265 836 1329 de
859 1281 910 1328 me
933 1264 1070 1328 crimina
1091 1262 1191 1347 nulla,
1214 1261 1317 1330 iavet.

452 1370 527 1439 Sint
548 1370 584 1435 hi
607 1370 754 1436 contenti
776 1370 883 1448 venia,
906 1374 1082 1451 sperentve
1104 1368 1227 1452 licebit,

494 1475 637 1558 Purgari
659 1476 783 1541 iactum
806 1493 857 1540 me
880 1493 1007 1556 qnoque
1029 1479 1117 1541 teste
1139 1493 1240 1542 snum.

407 1611 434 1652 rs
449 1584 533 1649 Pars
556 1583 636 1648 estis
659 1583 756 1665 pauci
778 1581 900 1666 mehor,
925 1582 981 1662 qni
1003 1582 1102 1647 rebus
1124 1581 1160 1648 in
1183 1582 1265 1646 artis

496 1688 598 1755 Fame
620 1689 701 1754 mihi
723 1687 847 1754 nullam
869 1692 968 1770 turpe
989 1688 1133 1769 putastis
1157 1705 1257 1768 opem.

452 1795 545 1861 Tunc
566 1795 671 1878 igitur
692 1793 803 1861 meriti
825 1793 983 1860 morietur
1005 1793 1117 1877 gratia
1139 1794 1252 1878 vestri,

496 1902 576 1969 Oum
599 1901 681 1967 cinis
704 1902 875 1982 absumpto
898 1918 1032 1981 corpore
1055 1898 1164 1966 iactus
1187 1918 1252 1966 ero.

451 2007 585 2074 Fallor?
609 2012 643 2073 et
665 2007 726 2073 illa
747 2024 839 2072 meae
862 2006 1032 2088 superabit
1053 2010 1201 2087 tempora
1224 2006 1325 2090 vitae,

407 2136 435 2176 so
495 2114 530 2181 Si
552 2118 664 2180 tamen
687 2132 707 2178 a
730 2112 864 2179 memori
885 2111 1083 2193 posteritate
1103 2112 1206 2194 legar.
1300 2160 1302 2164 -

452 2221 595 2302 Corpora
618 2219 779 2285 debentur
801 2217 936 2284 maestis
959 2217 1140 2300 exsanguia
1161 2217 1281 2284 bustis:

496 2325 670 2408 Effugiant
692 2329 834 2391 structos
856 2343 972 2391 nomen
994 2325 1160 2404 honorque
1182 2341 1286 2406 rogos.

452 2431 582 2500 Occidit
604 2435 639 2498 et
662 2431 807 2498 Theseus
830 2435 865 2497 et
887 2431 945 2512 qni
967 2429 1139 2497 comitavit
1161 2428 1312 2496 Oresten:

496 2539 562 2605 Sed
583 2543 694 2604 tamen
716 2537 751 2604 in
773 2538 887 2603 landes
909 2537 997 2604 vivit
1018 2541 1157 2617 uterque
1179 2554 1264 2603 suas.

407 2672 436 2714 sc
451 2646 518 2712 Vos
541 2645 642 2711 etiam
664 2644 730 2710 seri
752 2644 936 2710 laudabunt
957 2661 1055 2725 saepe
1077 2647 1222 2726 nepotes,

497 2751 659 2833 Claraqne
682 2750 747 2817 erit
768 2749 901 2833 scriptis
922 2749 1030 2833 gloria
1051 2755 1165 2816 vestra
1187 2748 1275 2814 meis.

452 2857 516 2924 Hic
538 2853 667 2939 quoque
689 2856 903 2924 Sauromatae
925 2856 990 2922 iam
1014 2874 1072 2923 vos
1095 2874 1216 2923 novere
1238 2855 1418 2940 Getaeque,

496 2965 544 3031 Et
565 2963 651 3029 tales
674 2963 799 3030 animos
820 2963 966 3029 barbara
988 2963 1087 3027 turba
1109 2963 1238 3042 probat.

453 3070 596 3152 Cumque
619 3087 679 3152 ego
703 3070 743 3135 de
765 3071 880 3137 vestra
901 3086 1006 3149 nuper
1027 3067 1195 3149 probitate
1217 3067 1373 3134 referrem
1397 3106 1440 3115 -

408 3204 436 3244 m
495 3178 580 3243 Nam
603 3175 701 3241 didici
724 3175 841 3242 Getice
863 3173 1109 3254 Sarmaticeque
1123 3173 1221 3255 ‚loqui
1243 3211 1288 3220 -

452 3281 554 3348 Forte
576 3300 677 3348 senex
700 3281 840 3364 quidam,
864 3284 959 3348 coetu
982 3298 1054 3346 cum
1077 3284 1184 3346 staret
1205 3279 1241 3345 in
1263 3279 1329 3364 illo,

496 3377 659 3453 Reddidit
676 3389 719 3452 ad
740 3392 869 3454 nostros
892 3386 976 3453 talia
998 3387 1101 3455 verba
1123 3405 1234 3454 sonos:

453 3493 527 3560 ‘Nos
551 3512 678 3576 quoque
702 3492 867 3560 amicitiae
888 3512 1013 3576 nomen,
1035 3494 1127 3577 hone,
1151 3492 1308 3575 novimus,
1332 3493 1456 3575 hospes

497 3599 585 3684 Quos
607 3600 720 3682 procul
743 3619 764 3666 a
787 3599 881 3667 vobis
904 3600 1030 3665 Pontus
1053 3602 1088 3665 et
1109 3599 1226 3665 Hister
1247 3598 1357 3664 habet.

408 3733 436 3773 45
452 3707 515 3773 Est
537 3707 627 3773 locus
648 3707 685 3773 in
706 3705 852 3789 Scythia,
880 3706 1005 3772 Tauros
1028 3705 1141 3772 dixere
1163 3704 1297 3787 priores,

498 3813 562 3896 Qui
585 3811 703 3878 Getica
724 3812 821 3895 longe
843 3829 908 3878 non
931 3811 981 3876 ita
1004 3811 1108 3878 distat
1129 3812 1235 3877 humo.

453 3919 526 3984 Hac
549 3937 609 4002 ego
633 3937 704 3985 sum
726 3923 818 3984 terra
841 3955 886 3966 -
907 3918 1038 4000 patriae
1059 3937 1120 3984 nec
1142 3917 1290 4000 paenitet
1314 3955 1357 3964 -
1381 3922 1484 3984 ortus:

498 4025 686 4092 Consortem
708 4025 836 4091 Phoebi,
856 4043 936 4108 gens
960 4024 1040 4090 colit
1061 4024 1122 4090 iila
1145 4026 1247 4088 deam.

373 4239 420 4295 al.
456 4240 568 4309 eandm]
588 4239 819 4322 Aufrichtigheit.
1040 4239 1086 4294 83.
1122 4237 1166 4291 Im
1183 4237 1379 4306 Extemporale
1404 4238 1551 4291 comitatus
1569 4243 1611 4290 est

373 4308 419 4366 29.
454 4308 515 4380 tila]
528 4309 652 4364 niimlieh
669 4315 770 4380 gratia.
800 4308 881 4362 Auch
900 4307 945 4361 die
989 4307 1151 4363 schreibeni

320 4378 507 4446 haerodes,
517 4379 563 4433 die
571 4378 666 4450 lh'ngst
675 4379 748 4432 nach
757 4378 861 4434 seinem
867 4377 946 4432 Tode
1041 4377 1086 4433 48.
1123 4376 1254 4431 Gameint
1271 4377 1308 4429 ist
1325 4376 1370 4430 die
1389 4393 1443 4430 von
1460 4376 1514 4430 den
1531 4377 1611 4431 Gris-

320 4449 393 4502 noch
407 4447 540 4503 Gefallen
554 4466 591 4502 an
603 4449 698 4503 seinen
707 4445 831 4502 Werken
843 4446 945 4516 finden,
990 4445 1061 4501 chen
1085 4447 1138 4500 mit
1154 4444 1277 4500 Artemis
1300 4443 1494 4500 identifixierte
1513 4445 1611 4500 Gdttin

320 4518 432 4572 werden
455 4519 510 4572 den
532 4524 630 4572 menen
648 4517 797 4573 Freunden
818 4517 947 4574 dankbar
990 4516 1173 4585 Tauropolos.

321 4589 388 4657 sein,
407 4589 462 4643 dati
480 4589 520 4642 aie
538 4588 588 4641 ibn
606 4587 687 4642 nieht
706 4587 735 4641 in
748 4585 828 4643 Stich
846 4587 946 4642 lieflen.
