3716 5292
769 465 820 520 No.
834 466 868 519 50
887 468 930 533 (tr.
950 465 1024 533 V3).

436 637 602 704 Curriculo
625 639 738 722 gravis
762 643 813 707 est
834 639 925 706 facta
948 640 1044 706 ruina
1066 660 1145 708 meo.

390 743 479 826 Ergo
502 744 594 810 illum
618 748 748 811 demens
770 745 805 811 in
827 764 878 812 me
901 747 1030 813 saevire
1053 748 1152 831 coegi,

434 850 550 916 Mitius
573 851 737 918 inmensus
760 871 822 932 quo
845 851 927 917 nihil
952 853 1040 918 orbis
1062 853 1184 920 habet?

390 956 531 1037 Ipsaque
554 957 683 1024 delictis
705 958 797 1025 victa
823 962 874 1024 est
897 958 1069 1025 clementia
1092 961 1221 1043 nostris,

345 1085 373 1122 40
433 1062 501 1128 Nec
523 1067 634 1130 tamen
657 1065 761 1130 errori
783 1064 856 1132 vita
877 1070 1001 1147 negata
1023 1083 1093 1131 meo
1117 1065 1188 1132 est?

391 1168 471 1233 Vita
492 1169 606 1250 procul
627 1171 739 1251 patria
761 1171 949 1253 peragenda
971 1172 1031 1236 sub
1056 1190 1118 1237 axe
1139 1174 1246 1256 boreo,

434 1273 507 1356 Qua
529 1276 629 1341 maris
651 1276 775 1342 Euxini
796 1281 888 1343 terra
910 1277 1046 1343 sinistra
1067 1278 1177 1344 iacet?

389 1381 460 1446 Hoc
482 1381 562 1446 mihi
585 1382 614 1448 si
636 1383 756 1464 Delphi
778 1383 978 1464 Dodonaque
1001 1385 1125 1450 diceret
1147 1385 1228 1467 ipsa,

433 1487 516 1554 Esse
538 1487 707 1555 videretur
729 1508 834 1556 vanus
856 1493 995 1571 uterque
1017 1490 1114 1556 locus.

344 1615 372 1654 45
388 1592 443 1657 Nil
467 1596 547 1659 adeo
570 1594 716 1661 validum
740 1600 799 1678 est,
823 1597 957 1661 adamas
979 1596 1058 1662 licet
1081 1597 1197 1678 alliget
1219 1597 1309 1679 illud,

434 1700 481 1767 Ut
503 1704 636 1766 maneat
658 1701 773 1782 rapido
795 1701 918 1767 firmius
940 1702 1017 1784 igne
1039 1702 1140 1784 Iovis3

391 1806 445 1871 Nil
468 1807 518 1872 ita
541 1807 677 1873 sublime
701 1813 752 1874 est
775 1826 937 1890 supraque
959 1808 1105 1890 pericula
1127 1809 1243 1892 tendit,

435 1913 508 1979 Non
530 1913 576 1978 sit
598 1917 636 1979 ut
658 1913 796 1980 inferius
820 1915 1085 1996 suppositumque
1108 1915 1176 1980 deo.

274 2049 277 2056 ·
391 2019 473 2084 Nam
497 2039 691 2101 quamquam
715 2020 797 2087 vitio
820 2039 897 2101 pars
921 2025 972 2087 est
995 2025 1166 2087 eontracta
1188 2020 1355 2105 malorum,

346 2147 373 2186 50
434 2125 513 2192 Plus
536 2131 647 2192 tamen
671 2126 765 2192 exitii
786 2126 927 2192 numinis
950 2127 1002 2192 ira
1025 2128 1123 2193 dedit.

390 2233 518 2298 Atros
541 2233 699 2298 admoniti
720 2233 841 2298 nostris
864 2251 991 2313 quoque
1014 2233 1143 2300 casibus
1167 2238 1245 2317 este,

435 2341 641 2419 Aequantem
664 2357 796 2420 superos
819 2338 993 2404 emeruisse
1016 2339 1135 2406 virum!

744 2540 1057 2626 muman

635 2698 706 2764 llos
728 2697 898 2764 Dichters
921 2695 1166 2764 Bacchussest.

390 2855 455 2920 llla
478 2855 546 2920 dies
569 2854 650 2920 haec
673 2859 731 2938 est,
756 2873 820 2935 qua
843 2858 878 2919 te
901 2853 1067 2920 celebrare
1089 2859 1214 2937 poetae,

435 2960 470 3026 Si
492 2961 586 3026 modo
609 2978 673 3026 non
696 2960 818 3026 fallunt
841 2965 998 3044 tempora,
1021 2961 1157 3044 Bacche,
1181 2961 1294 3044 solent,

389 3056 555 3147 Festaque
578 3066 721 3132 odoratis
743 3067 917 3133 innectunt
938 3072 1086 3148 tempora
1108 3067 1214 3150 sertia

434 3173 481 3240 Et
505 3173 617 3239 dieunt
639 3173 753 3238 laudes
776 3174 819 3238 ad
841 3179 900 3239 tua
922 3175 1001 3266 ¹vina
1023 3179 1107 3239 tuas.

360 3282 481 3346 elaten
504 3298 593 3362 quos,
615 3279 755 3362 memini,
779 3280 854 3344 dum
876 3299 927 3345 me
949 3299 1022 3345 mea
1045 3278 1118 3344 fata
1140 3280 1300 3363 sinebant,

434 3388 506 3452 Non
528 3385 637 3452 invisa
659 3385 722 3450 tibi
744 3404 822 3467 pars
845 3403 905 3468 ego
928 3404 1026 3468 saepe
1048 3385 1105 3468 lui,

390 3493 492 3576 Quem
514 3511 600 3558 nunc
622 3492 824 3573 suppositum
847 3491 952 3557 stellis
975 3491 1191 3573 Cynosuridos
1214 3493 1320 3559 Ursae

434 3599 552 3664 Iuncta
574 3602 667 3664 tenet
690 3598 798 3664 crudis
820 3598 980 3663 Sarmatis
1003 3615 1061 3662 ora
1085 3597 1187 3663 Getis.

390 3705 517 3789 Quique
538 3705 630 3786 prius
652 3705 780 3771 mollem
802 3721 1004 3784 vacuamque
1025 3703 1193 3769 laboribus
1216 3704 1269 3787 egi

346 3835 372 3874 ιο
432 3810 472 3876 In
495 3811 613 3878 studiis
636 3812 740 3878 vitam
763 3811 992 3890 Pieridumque
1015 3811 1122 3893 choro,

308 3968 354 4022 37.
390 3965 476 4036 illum]
495 3967 645 4046 Augurstus.
804 3971 806 3976 ’
991 3966 1044 4021 No.
1063 3967 1108 4020 50.
1138 3965 1221 4018 Auch
1239 3967 1284 4037 du,
1303 3965 1439 4034 Bacchus,
1458 3973 1542 4021 warst

308 4036 353 4091 41.
389 4037 451 4105 acc]
469 4037 592 4090 niimlrch
611 4037 691 4107 caeli,
712 4036 801 4090 durch
819 4035 876 4088 Me·
921 4035 1005 4106 lange
1024 4036 1177 4103 verbannt„
1187 4035 1271 4106 bring
1288 4035 1326 4088 du
1343 4037 1396 4088 mir
1414 4035 1500 4091 Hilfe.

256 4105 380 4174 aonymre
398 4104 443 4158 fiir
462 4106 577 4160 caelum·
990 4133 1018 4186 1.
1054 4132 1123 4201 ares]
1142 4130 1485 4198 nominenominee,
1504 4149 1540 4186 an

207 4205 210 4212 ’
308 4175 354 4230 44·
390 4176 488 4244 vam]
507 4175 589 4258 nim.
601 4175 807 4298 flanWfirdig·
920 4202 983 4254 dem
1014 4201 1042 4253 in
1072 4201 1144 4254 Rom
1174 4202 1219 4254 die
1250 4200 1394 4254 Liberalia
1424 4201 1542 4272 gefeiert
1603 4205 1604 4210 ’

308 4245 353 4300 15.
390 4245 507 4299 adamas
524 4277 559 4284 —
577 4246 659 4314 alud]
677 4244 876 4316 gesetztauch,
919 4270 1040 4324 wurden·
1076 4270 1141 4341 vgl·
1160 4271 1211 4326 No·
1225 4271 1267 4324 25‘

257 4313 310 4366 dab
330 4316 379 4369 der
396 4315 519 4368 hdrteste
538 4313 619 4368 Stabl
637 4331 665 4368 ea
683 4315 831 4368 verbande.
1273 4369 1286 4380 „

309 4383 355 4440 ro.
391 4385 468 4454 oeteo]
487 4384 663 4437 aureumern
676 4383 877 4438 versaturum.
990 4367 1019 4421 3·
1055 4367 1185 4436 tempora]
1204 4365 1344 4420 semion.

308 4454 354 4510 52.
390 4470 505 4508 maerere
530 4454 657 4525 aliquem]
683 4454 742 4506 sich
767 4472 814 4506 um
836 4455 876 4523 je·
991 4453 1018 4508 d.
1054 4468 1111 4506 ooo
1135 4454 1237 4522 inodo]
1261 4452 1340 4506 nieht
1364 4469 1471 4524 ungam
1495 4471 1541 4524 ge·

256 4523 377 4578 mandeu
386 4524 512 4577 verdient
524 4524 651 4590 macheu,
664 4525 724 4576 sich
733 4525 878 4594 jemandes
921 4523 1014 4591 seben,
1033 4521 1228 4576 willkommen.

256 4593 365 4664 wurdig
382 4594 487 4664 aeigan.

300 4698 421 4746 Brandt,
434 4697 571 4738 Leaaatlicke
585 4709 626 4738 aua
640 4697 705 4738 Ouid.
1348 4678 1364 4732 8
