3716 5292
738 437 1062 508 mmmamm

393 613 498 695 Saepe
521 613 591 680 dies
613 631 762 679 sermone
783 614 888 680 minor
910 613 988 694 fuit;
1011 613 1110 693 inque
1132 612 1326 693 loquendum

437 719 548 784 Tarda
570 737 630 800 per
653 719 796 787 aestivus
819 718 925 785 deant
947 720 1028 784 hora
1051 718 1128 784 dies.

390 825 455 891 Est
478 824 612 909 aliquid,
635 842 730 891 casus
753 825 879 906 pariter
900 824 1048 891 timuisse
1069 826 1221 910 mannos,

346 955 375 994 40
435 931 617 1012 Iunctaque
640 933 683 997 ad
705 949 882 1012 aequoreos
905 935 987 996 vcta
1008 930 1124 997 touIsse
1146 934 1234 999 deos:

392 1038 439 1104 lat
461 1040 555 1103 modo
579 1055 632 1103 res
655 1036 762 1120 egisse
785 1037 888 1121 simul,
911 1038 1005 1102 modo
1028 1056 1140 1104 rursus
1163 1039 1205 1105 ab
1229 1039 1296 1105 illis

437 1144 580 1228 Quorum
602 1161 667 1209 non
690 1145 822 1226 pudeat,
845 1161 940 1224 posse
962 1143 1087 1209 referre
1109 1143 1203 1210 iocos.

392 1250 485 1315 Haec
507 1250 571 1315 tihi
594 1267 666 1314 cum
689 1250 838 1333 subeant,
862 1250 965 1316 absim
988 1249 1076 1333 licet,
1099 1251 1247 1318 omnibus
1271 1253 1365 1319 annis

436 1357 525 1421 Ante
548 1360 622 1421 tuos
645 1355 764 1438 oculas,
787 1360 826 1420 ut
848 1357 941 1422 modo
964 1357 1063 1440 visus,
1087 1375 1150 1422 erc.

346 1484 374 1526 aa
390 1462 466 1543 Ipse
489 1462 636 1543 equidem
660 1466 750 1527 certe
773 1477 845 1527 cum
868 1462 929 1528 sim
952 1463 1012 1528 sub
1036 1463 1169 1529 cardine
1191 1465 1310 1547 mundi,

436 1567 500 1651 Qui
523 1585 650 1650 semper
672 1568 807 1649 liquidis
830 1567 928 1634 altior
952 1573 1046 1637 extat
1070 1569 1172 1652 aquis,

391 1675 572 1740 'letamen
595 1675 726 1740 intueor
748 1692 811 1754 quo
834 1674 902 1740 solo
925 1678 1058 1755 pectore
1080 1693 1218 1759 possum,

350 1861 352 1866 λ
435 1781 483 1846 Et
505 1785 613 1846 tecum
636 1781 743 1863 gelido
767 1797 865 1861 saepe
886 1780 946 1846 sub
971 1798 1033 1846 axe
1055 1781 1176 1860 loquor.

390 1886 455 1952 Hic
478 1904 521 1970 es,
544 1892 579 1953 et
601 1887 747 1970 ignoras
771 1889 805 1951 et
828 1886 907 1952 ades
930 1885 1159 1953 celeberrimus
1183 1887 1316 1954 absens:

344 2015 373 2055 so
432 1993 537 2074 Inque
559 1992 663 2060 Getas
686 1993 794 2058 media
815 1993 922 2058 iussus
945 1994 988 2059 ab
1011 1993 1102 2060 Urbe
1124 1994 1225 2060 venis.
1289 2049 1291 2054 ,

389 2099 502 2165 Redde
525 2099 638 2182 vicem,
663 2103 705 2182 et,
730 2099 881 2179 quoniam
904 2099 995 2182 regio
1018 2098 1146 2165 felicior
1167 2101 1235 2166 ista
1258 2107 1317 2184 est,

435 2205 516 2270 Istic
538 2223 590 2271 me
611 2205 746 2271 memori
768 2209 901 2286 pectore
924 2223 1052 2287 semper
1073 2206 1166 2272 habe.

707 2379 1098 2465 mfflOERfflm

517 2521 588 2588 llas
611 2517 726 2588 Gluck
748 2518 813 2586 der
834 2519 981 2585 wahren
1003 2519 1280 2588 Freundschaft.

390 2658 494 2743 Quam
517 2659 600 2741 legis
624 2677 645 2723 a
666 2657 760 2724 nobis
783 2658 914 2724 missam
937 2659 1009 2742 tibi,
1033 2658 1140 2743 Cotta,
1163 2661 1311 2745 salutem,

434 2766 537 2832 Missa
559 2765 604 2831 sit
627 2768 665 2831 ut
688 2783 766 2832 vere
788 2765 1034 2849 pervigeatque‚
1057 2784 1179 2847 precor.

389 2873 537 2954 Namque
559 2872 639 2938 meis
662 2888 772 2953 sospes
795 2871 932 2937 multum
956 2871 1155 2938 cruciatibus
1178 2872 1296 2956 aufers,

435 2980 545 3059 thue
568 2978 670 3044 sitin
692 2978 787 3044 nobis
810 2997 888 3061 pars
909 2978 997 3044 bona
1019 2978 1121 3061 salva,
1144 2977 1235 3045 iacis.

360 3085 532 3166 sGumque
554 3083 670 3151 labent
692 3084 804 3168 aliqui,
826 3084 1017 3166 iactataque
1040 3085 1116 3150 vela
1138 3085 1334 3169 relinquant,

434 3192 485 3257 Tu
507 3191 637 3256 lacerae
660 3209 807 3256 remanes
831 3208 950 3256 ancora
973 3191 1043 3256 sola
1064 3191 1140 3256 rati.

389 3297 496 3364 Grata
518 3301 578 3363 tua
601 3301 652 3362 est
673 3296 778 3378 igitur
800 3296 916 3378 pietas.
954 3297 1149 3379 ignoscimus
1172 3297 1247 3380 illis,

433 3403 498 3488 Qui
521 3421 593 3468 cum
615 3402 750 3468 iomuna
772 3407 869 3484 terga
892 3404 1010 3468 dedere
1032 3401 1140 3485 fugae.

390 3510 469 3576 Cum
491 3508 616 3576 feriant
639 3527 746 3592 nuum,
772 3527 837 3574 nou
860 3526 959 3573 unum
981 3507 1119 3573 fulmina
1141 3512 1277 3592 terrent,

344 3642 372 3683 ιο
431 3616 615 3697 Iunctaque
637 3633 790 3698 percusso
813 3614 913 3680 turba
934 3632 1058 3695 pavere
1081 3613 1174 3680 solet.

389 3722 532 3803 Cumque
555 3722 646 3788 dedit
668 3721 777 3803 paries
800 3723 960 3786 venturae
983 3720 1078 3803 signa
1100 3719 1223 3803 ruinae,

433 3827 580 3895 Sollicito
603 3846 728 3894 vacuus
750 3827 789 3892 fit
811 3825 900 3892 locus
923 3825 980 3892 ille
1001 3831 1100 3892 metu.

389 3932 470 4018 Quis
492 3951 557 3999 non
580 3952 599 4000 e
620 3933 746 3999 timidis
768 3932 860 4015 aegri
883 3933 1037 4016 contagia
1059 3932 1156 4015 vitat

432 4039 584 4107 Vicinum
606 4045 755 4106 metuens
777 4056 818 4103 ne
841 4038 956 4104 trahat
977 4039 1054 4105 iude
1076 4037 1217 4104 malum?

342 4172 370 4213 m
386 4146 441 4213 Ma
463 4163 591 4228 quoque
614 4145 789 4212 amicorum
811 4144 910 4210 nimio
933 4149 1059 4211 terrore
1082 4148 1242 4228 metuque,

305 4291 351 4349 41.
388 4291 583 4347 Konstraiera:
616 4291 654 4345 ab
683 4290 743 4345 illia
772 4291 875 4359 (rebam)
973 4288 1083 4345 nomn.
1105 4288 1542 4345 Adressat:Maximus00tta

248 4376 331 4430 pocae
347 4361 452 4428 referre
467 4362 551 4445 ¹iocos,
569 4375 684 4427 quoram
695 4360 876 4430 naupredam.
921 4357 1048 4482 guitngres
1080 4359 1120 4411 im
1149 4357 1431 4414 Nameuverzeichnis
1460 4365 1542 4414 untur

304 4431 354 4557 ig..
387 4429 878 4571 lclwglq'gg]lilgri}i?lgilffoentiemeiut
944 4429 1023 4553 aa).
1036 4498 1151 4568 iactata]
1168 4515 1233 4551 vom
1251 4471 1352 4551 Sturm.

252 4571 305 4637 ist,v
316 4570 371 4624 dad
391 4570 441 4624 der
458 4568 618 4624 Polamtern
637 4570 683 4623 nie
700 4570 860 4639 untergeht.
974 4567 1001 4623 7.
1033 4568 1137 4638 pietas]
1155 4573 1234 4622 traua
1252 4567 1465 4623 Freundschaft.
