<?xml version="1.0" encoding="UTF-8"?>
<!DOCTYPE html PUBLIC "-//W3C//DTD XHTML 1.0 Transitional//EN"
    "http://www.w3.org/TR/xhtml1/DTD/xhtml1-transitional.dtd">
<html xmlns="http://www.w3.org/1999/xhtml" xml:lang="en" lang="en">
 <head>
  <title>
</title>
<meta http-equiv="Content-Type" content="text/html;charset=utf-8" />
  <meta name='ocr-system' content='tesseract 3.04.00' />
  <meta name='ocr-capabilities' content='ocr_page ocr_carea ocr_par ocr_line ocrx_word'/>
</head>
<body>
  <div class='ocr_page' id='page_1' title='image "./fastitristiaepi00ovidgoog_0058.png"; bbox 0 0 3714 5298; ppageno 0'>
   <div class='ocr_carea' id='block_1_1' title="bbox 725 450 1069 521">
    <p class='ocr_par' dir='ltr' id='par_1_1' title="bbox 725 450 1069 521">
     <span class='ocr_line' id='line_1_1' title="bbox 725 450 1069 521; baseline 0.003 -16"><span class='ocrx_word' id='word_1_1' title='bbox 725 450 777 505; x_wconf 81' lang='lat' dir='ltr'>uo.</span> <span class='ocrx_word' id='word_1_2' title='bbox 792 451 823 506; x_wconf 80' lang='lat'>17</span> <span class='ocrx_word' id='word_1_3' title='bbox 843 450 898 520; x_wconf 82' lang='lat' dir='ltr'>(ru</span> <span class='ocrx_word' id='word_1_4' title='bbox 910 451 1069 521; x_wconf 61' lang='lat'>249-2348).</span> 
     </span>
    </p>
   </div>
   <div class='ocr_carea' id='block_1_2' title="bbox 336 622 1414 3678">
    <p class='ocr_par' dir='ltr' id='par_1_2' title="bbox 336 622 1414 3678">
     <span class='ocr_line' id='line_1_2' title="bbox 391 622 1145 707; baseline 0.004 -19"><span class='ocrx_word' id='word_1_5' title='bbox 391 622 505 689; x_wconf 82' lang='lat' dir='ltr'>Cultus</span> <span class='ocrx_word' id='word_1_6' title='bbox 528 627 563 688; x_wconf 91' lang='lat' dir='ltr'>et</span> <span class='ocrx_word' id='word_1_7' title='bbox 586 625 710 690; x_wconf 89' lang='lat' dir='ltr'>omatis</span> <span class='ocrx_word' id='word_1_8' title='bbox 733 626 826 691; x_wconf 87' lang='lat' dir='ltr'>varie</span> <span class='ocrx_word' id='word_1_9' title='bbox 849 626 994 706; x_wconf 77' lang='lat' dir='ltr'>prodisse</span> <span class='ocrx_word' id='word_1_10' title='bbox 1015 627 1145 707; x_wconf 66' lang='lat' dir='ltr'>&#39;capillis</span> 
     </span>
     <span class='ocr_line' id='line_1_3' title="bbox 434 728 1371 814; baseline 0.006 -20"><span class='ocrx_word' id='word_1_11' title='bbox 434 728 558 813; x_wconf 82' lang='lat' dir='ltr'>Obfuit,</span> <span class='ocrx_word' id='word_1_12' title='bbox 581 731 625 795; x_wconf 84' lang='lat' dir='ltr'>ad</span> <span class='ocrx_word' id='word_1_13' title='bbox 647 731 770 814; x_wconf 86' lang='lat' dir='ltr'>rigidos</span> <span class='ocrx_word' id='word_1_14' title='bbox 793 736 1007 814; x_wconf 85' lang='lat' dir='ltr'>promptaque</span> <span class='ocrx_word' id='word_1_15' title='bbox 1029 732 1143 814; x_wconf 82' lang='lat' dir='ltr'>lingue</span> <span class='ocrx_word' id='word_1_16' title='bbox 1161 751 1268 800; x_wconf 90' lang='lat' dir='ltr'>senes.</span> <span class='ocrx_word' id='word_1_17' title='bbox 1369 777 1371 784; x_wconf 90' lang='lat'>·</span> 
     </span>
     <span class='ocr_line' id='line_1_4' title="bbox 389 834 1177 904; baseline 0.004 -3"><span class='ocrx_word' id='word_1_18' title='bbox 389 834 526 901; x_wconf 80' lang='lat' dir='ltr'>Conscia</span> <span class='ocrx_word' id='word_1_19' title='bbox 548 854 638 903; x_wconf 87' lang='lat' dir='ltr'>mens</span> <span class='ocrx_word' id='word_1_20' title='bbox 661 838 745 903; x_wconf 90' lang='lat' dir='ltr'>recti</span> <span class='ocrx_word' id='word_1_21' title='bbox 767 837 876 903; x_wconf 79' lang='lat' dir='ltr'>ismae</span> <span class='ocrx_word' id='word_1_22' title='bbox 898 838 1068 903; x_wconf 84' lang='lat' dir='ltr'>mendacia</span> <span class='ocrx_word' id='word_1_23' title='bbox 1090 838 1177 904; x_wconf 83' lang='lat' dir='ltr'>risit:</span> 
     </span>
     <span class='ocr_line' id='line_1_5' title="bbox 433 941 1258 1010; baseline 0.002 -2"><span class='ocrx_word' id='word_1_24' title='bbox 433 941 498 1008; x_wconf 84' lang='lat' dir='ltr'>Sed</span> <span class='ocrx_word' id='word_1_25' title='bbox 519 960 578 1008; x_wconf 90' lang='lat' dir='ltr'>nos</span> <span class='ocrx_word' id='word_1_26' title='bbox 600 943 635 1007; x_wconf 93' lang='lat' dir='ltr'>in</span> <span class='ocrx_word' id='word_1_27' title='bbox 656 943 775 1010; x_wconf 87' lang='lat' dir='ltr'>vitinm</span> <span class='ocrx_word' id='word_1_28' title='bbox 798 945 930 1008; x_wconf 87' lang='lat' dir='ltr'>credula</span> <span class='ocrx_word' id='word_1_29' title='bbox 952 944 1052 1009; x_wconf 86' lang='lat' dir='ltr'>turba</span> <span class='ocrx_word' id='word_1_30' title='bbox 1074 962 1192 1010; x_wconf 89' lang='lat' dir='ltr'>sumus.</span> <span class='ocrx_word' id='word_1_31' title='bbox 1256 961 1258 970; x_wconf 76' lang='grc'>’</span> 
     </span>
     <span class='ocr_line' id='line_1_6' title="bbox 344 1047 1319 1134; baseline 0.003 -21"><span class='ocrx_word' id='word_1_32' title='bbox 344 1072 371 1114; x_wconf 77' lang='lat' dir='ltr'>os</span> <span class='ocrx_word' id='word_1_33' title='bbox 386 1047 479 1113; x_wconf 88' lang='lat' dir='ltr'>Haec</span> <span class='ocrx_word' id='word_1_34' title='bbox 500 1049 558 1114; x_wconf 90' lang='lat' dir='ltr'>ubi</span> <span class='ocrx_word' id='word_1_35' title='bbox 581 1053 746 1115; x_wconf 89' lang='lat' dir='ltr'>castarum</span> <span class='ocrx_word' id='word_1_36' title='bbox 768 1050 928 1130; x_wconf 90' lang='lat' dir='ltr'>processit</span> <span class='ocrx_word' id='word_1_37' title='bbox 951 1051 993 1115; x_wconf 92' lang='lat' dir='ltr'>ab</span> <span class='ocrx_word' id='word_1_38' title='bbox 1017 1050 1148 1132; x_wconf 83' lang='lat' dir='ltr'>agmine</span> <span class='ocrx_word' id='word_1_39' title='bbox 1170 1055 1319 1134; x_wconf 87' lang='lat' dir='ltr'>matrum,</span> 
     </span>
     <span class='ocr_line' id='line_1_7' title="bbox 431 1145 1239 1240; baseline 0.002 -20"><span class='ocrx_word' id='word_1_40' title='bbox 431 1155 478 1220; x_wconf 81' lang='lat' dir='ltr'>Et</span> <span class='ocrx_word' id='word_1_41' title='bbox 501 1155 651 1220; x_wconf 84' lang='lat' dir='ltr'>manibus</span> <span class='ocrx_word' id='word_1_42' title='bbox 674 1170 789 1236; x_wconf 88' lang='lat' dir='ltr'>puram</span> <span class='ocrx_word' id='word_1_43' title='bbox 812 1155 953 1221; x_wconf 89' lang='lat' dir='ltr'>fluminis</span> <span class='ocrx_word' id='word_1_44' title='bbox 976 1145 1088 1221; x_wconf 84' lang='lat' dir='ltr'>hausit</span> <span class='ocrx_word' id='word_1_45' title='bbox 1111 1175 1239 1240; x_wconf 84' lang='lat' dir='ltr'>equam,</span> 
     </span>
     <span class='ocr_line' id='line_1_8' title="bbox 388 1261 1361 1345; baseline 0.003 -20"><span class='ocrx_word' id='word_1_46' title='bbox 388 1261 453 1326; x_wconf 80' lang='lat' dir='ltr'>Ter</span> <span class='ocrx_word' id='word_1_47' title='bbox 475 1265 574 1341; x_wconf 89' lang='lat' dir='ltr'>caput</span> <span class='ocrx_word' id='word_1_48' title='bbox 596 1261 732 1344; x_wconf 78' lang='lat' dir='ltr'><strong>inrorat,</strong></span> <span class='ocrx_word' id='word_1_49' title='bbox 755 1265 808 1326; x_wconf 91' lang='lat' dir='ltr'>ter</span> <span class='ocrx_word' id='word_1_50' title='bbox 830 1261 920 1327; x_wconf 92' lang='lat' dir='ltr'>tollit</span> <span class='ocrx_word' id='word_1_51' title='bbox 943 1263 977 1326; x_wconf 92' lang='lat' dir='ltr'>in</span> <span class='ocrx_word' id='word_1_52' title='bbox 1000 1262 1137 1327; x_wconf 88' lang='lat' dir='ltr'>aethera</span> <span class='ocrx_word' id='word_1_53' title='bbox 1158 1263 1293 1345; x_wconf 87' lang='lat' dir='ltr'>palmas,</span> <span class='ocrx_word' id='word_1_54' title='bbox 1316 1301 1361 1310; x_wconf 84' lang='lat'>--</span> 
     </span>
     <span class='ocr_line' id='line_1_9' title="bbox 432 1365 1304 1450; baseline 0.002 -19"><span class='ocrx_word' id='word_1_55' title='bbox 432 1365 632 1449; x_wconf 80' lang='lat' dir='ltr'>Quicumque</span> <span class='ocrx_word' id='word_1_56' title='bbox 654 1368 827 1450; x_wconf 80' lang='lat' dir='ltr'>aspiciunt,</span> <span class='ocrx_word' id='word_1_57' title='bbox 850 1374 959 1433; x_wconf 91' lang='lat' dir='ltr'>mente</span> <span class='ocrx_word' id='word_1_58' title='bbox 982 1386 1095 1433; x_wconf 90' lang='lat' dir='ltr'>carere</span> <span class='ocrx_word' id='word_1_59' title='bbox 1117 1373 1239 1450; x_wconf 81' lang='lat' dir='ltr'>putant</span> <span class='ocrx_word' id='word_1_60' title='bbox 1262 1407 1304 1418; x_wconf 89' lang='lat'>-</span> 
     </span>
     <span class='ocr_line' id='line_1_10' title="bbox 386 1472 1211 1556; baseline 0.001 -17"><span class='ocrx_word' id='word_1_61' title='bbox 386 1472 627 1554; x_wconf 86' lang='lat' dir='ltr'>Summissoque</span> <span class='ocrx_word' id='word_1_62' title='bbox 648 1491 735 1556; x_wconf 83' lang='lat' dir='ltr'>genu</span> <span class='ocrx_word' id='word_1_63' title='bbox 758 1473 868 1540; x_wconf 84' lang='lat' dir='ltr'>voltus</span> <span class='ocrx_word' id='word_1_64' title='bbox 891 1474 925 1538; x_wconf 91' lang='lat' dir='ltr'>in</span> <span class='ocrx_word' id='word_1_65' title='bbox 947 1474 1090 1556; x_wconf 83' lang='lat' dir='ltr'>imagine</span> <span class='ocrx_word' id='word_1_66' title='bbox 1113 1475 1211 1540; x_wconf 87' lang='lat' dir='ltr'>divae</span> 
     </span>
     <span class='ocr_line' id='line_1_11' title="bbox 343 1578 1156 1663; baseline 0.004 -20"><span class='ocrx_word' id='word_1_67' title='bbox 343 1605 370 1644; x_wconf 70' lang='lat' dir='ltr'>co</span> <span class='ocrx_word' id='word_1_68' title='bbox 430 1578 531 1663; x_wconf 78' lang='lat' dir='ltr'>Figit,</span> <span class='ocrx_word' id='word_1_69' title='bbox 555 1584 590 1644; x_wconf 90' lang='lat' dir='ltr'>et</span> <span class='ocrx_word' id='word_1_70' title='bbox 612 1580 672 1646; x_wconf 89' lang='lat' dir='ltr'>hos</span> <span class='ocrx_word' id='word_1_71' title='bbox 694 1580 763 1644; x_wconf 87' lang='lat' dir='ltr'>edit</span> <span class='ocrx_word' id='word_1_72' title='bbox 786 1579 874 1644; x_wconf 89' lang='lat' dir='ltr'>crine</span> <span class='ocrx_word' id='word_1_73' title='bbox 897 1580 1026 1644; x_wconf 90' lang='lat' dir='ltr'>iacente</span> <span class='ocrx_word' id='word_1_74' title='bbox 1048 1597 1156 1646; x_wconf 79' lang='lat' dir='ltr'>sonos:</span> 
     </span>
     <span class='ocr_line' id='line_1_12' title="bbox 386 1684 1303 1770; baseline 0.002 -20"><span class='ocrx_word' id='word_1_75' title='bbox 386 1684 576 1769; x_wconf 82' lang='lat' dir='ltr'>“Supplicis,</span> <span class='ocrx_word' id='word_1_76' title='bbox 599 1685 694 1769; x_wconf 84' lang='lat' dir='ltr'>alme,</span> <span class='ocrx_word' id='word_1_77' title='bbox 718 1689 805 1768; x_wconf 86' lang='lat' dir='ltr'>tuae,</span> <span class='ocrx_word' id='word_1_78' title='bbox 827 1685 979 1766; x_wconf 79' lang='lat' dir='ltr'>genetrix</span> <span class='ocrx_word' id='word_1_79' title='bbox 1001 1684 1142 1750; x_wconf 83' lang='lat' dir='ltr'>fecunda</span> <span class='ocrx_word' id='word_1_80' title='bbox 1164 1689 1303 1770; x_wconf 87' lang='lat' dir='ltr'>deorum,</span> 
     </span>
     <span class='ocr_line' id='line_1_13' title="bbox 430 1791 1103 1873; baseline 0 -17"><span class='ocrx_word' id='word_1_81' title='bbox 430 1791 552 1873; x_wconf 84' lang='lat' dir='ltr'>Accipe</span> <span class='ocrx_word' id='word_1_82' title='bbox 574 1792 635 1856; x_wconf 90' lang='lat' dir='ltr'>sub</span> <span class='ocrx_word' id='word_1_83' title='bbox 659 1795 750 1856; x_wconf 91' lang='lat' dir='ltr'>certa</span> <span class='ocrx_word' id='word_1_84' title='bbox 773 1791 960 1856; x_wconf 87' lang='lat' dir='ltr'>condicione</span> <span class='ocrx_word' id='word_1_85' title='bbox 982 1809 1103 1872; x_wconf 79' lang='lat' dir='ltr'>preces.</span> 
     </span>
     <span class='ocr_line' id='line_1_14' title="bbox 386 1896 1258 1981; baseline -0.001 -19"><span class='ocrx_word' id='word_1_86' title='bbox 386 1896 487 1963; x_wconf 76' lang='lat' dir='ltr'>Casta</span> <span class='ocrx_word' id='word_1_87' title='bbox 508 1915 618 1980; x_wconf 85' lang='lat' dir='ltr'>negor.</span> <span class='ocrx_word' id='word_1_88' title='bbox 663 1898 752 1961; x_wconf 92' lang='lat' dir='ltr'>situ</span> <span class='ocrx_word' id='word_1_89' title='bbox 776 1898 919 1980; x_wconf 77' lang='lat' dir='ltr'>domnae,</span> <span class='ocrx_word' id='word_1_90' title='bbox 941 1897 1096 1962; x_wconf 86' lang='lat' dir='ltr'>meruisse</span> <span class='ocrx_word' id='word_1_91' title='bbox 1119 1897 1258 1981; x_wconf 84' lang='lat' dir='ltr'>ietebor,</span> 
     </span>
     <span class='ocr_line' id='line_1_15' title="bbox 429 2003 1128 2084; baseline 0 -15"><span class='ocrx_word' id='word_1_92' title='bbox 429 2005 537 2069; x_wconf 87' lang='lat' dir='ltr'>Morte</span> <span class='ocrx_word' id='word_1_93' title='bbox 559 2003 648 2068; x_wconf 87' lang='lat' dir='ltr'>lnam</span> <span class='ocrx_word' id='word_1_94' title='bbox 670 2021 791 2084; x_wconf 90' lang='lat' dir='ltr'>poenas</span> <span class='ocrx_word' id='word_1_95' title='bbox 814 2003 921 2068; x_wconf 86' lang='lat' dir='ltr'>indice</span> <span class='ocrx_word' id='word_1_96' title='bbox 943 2003 1035 2069; x_wconf 87' lang='lat' dir='ltr'>victa</span> <span class='ocrx_word' id='word_1_97' title='bbox 1058 2003 1128 2069; x_wconf 86' lang='lat' dir='ltr'>deu.</span> 
     </span>
     <span class='ocr_line' id='line_1_16' title="bbox 341 2109 1261 2192; baseline 0.002 -17"><span class='ocrx_word' id='word_1_98' title='bbox 341 2133 368 2175; x_wconf 78' lang='lat' dir='ltr'>o</span> <span class='ocrx_word' id='word_1_99' title='bbox 384 2109 448 2175; x_wconf 84' lang='lat' dir='ltr'>Sed</span> <span class='ocrx_word' id='word_1_100' title='bbox 470 2109 499 2174; x_wconf 90' lang='lat' dir='ltr'>si</span> <span class='ocrx_word' id='word_1_101' title='bbox 522 2109 643 2174; x_wconf 81' lang='lat' dir='ltr'>crimen</span> <span class='ocrx_word' id='word_1_102' title='bbox 666 2109 773 2192; x_wconf 69' lang='lat' dir='ltr'>abest,</span> <span class='ocrx_word' id='word_1_103' title='bbox 792 2112 830 2173; x_wconf 94' lang='lat' dir='ltr'>tu</span> <span class='ocrx_word' id='word_1_104' title='bbox 852 2113 985 2188; x_wconf 80' lang='lat' dir='ltr'>nostrae</span> <span class='ocrx_word' id='word_1_105' title='bbox 1008 2109 1146 2192; x_wconf 84' lang='lat' dir='ltr'>pignora</span> <span class='ocrx_word' id='word_1_106' title='bbox 1169 2110 1261 2177; x_wconf 86' lang='lat' dir='ltr'>vitae</span> 
     </span>
     <span class='ocr_line' id='line_1_17' title="bbox 428 2215 1231 2298; baseline 0.002 -18"><span class='ocrx_word' id='word_1_107' title='bbox 428 2215 478 2280; x_wconf 90' lang='lat' dir='ltr'>Re</span> <span class='ocrx_word' id='word_1_108' title='bbox 501 2215 603 2298; x_wconf 86' lang='lat' dir='ltr'>dabis,</span> <span class='ocrx_word' id='word_1_109' title='bbox 626 2219 661 2280; x_wconf 90' lang='lat' dir='ltr'>et</span> <span class='ocrx_word' id='word_1_110' title='bbox 684 2218 792 2281; x_wconf 87' lang='lat' dir='ltr'>castas</span> <span class='ocrx_word' id='word_1_111' title='bbox 816 2219 909 2280; x_wconf 88' lang='lat' dir='ltr'>casta</span> <span class='ocrx_word' id='word_1_112' title='bbox 932 2233 1067 2295; x_wconf 85' lang='lat' dir='ltr'>sequere</span> <span class='ocrx_word' id='word_1_113' title='bbox 1089 2216 1231 2282; x_wconf 87' lang='lat' dir='ltr'>manus.”</span> 
     </span>
     <span class='ocr_line' id='line_1_18' title="bbox 383 2320 1146 2405; baseline -0.003 -18"><span class='ocrx_word' id='word_1_114' title='bbox 383 2322 486 2405; x_wconf 81' lang='lat' dir='ltr'>Dixit,</span> <span class='ocrx_word' id='word_1_115' title='bbox 511 2325 545 2387; x_wconf 90' lang='lat' dir='ltr'>et</span> <span class='ocrx_word' id='word_1_116' title='bbox 567 2321 685 2404; x_wconf 80' lang='lat' dir='ltr'>exiguo</span> <span class='ocrx_word' id='word_1_117' title='bbox 708 2320 818 2386; x_wconf 79' lang='lat' dir='ltr'>funem</span> <span class='ocrx_word' id='word_1_118' title='bbox 841 2321 1010 2387; x_wconf 88' lang='lat' dir='ltr'>conamine</span> <span class='ocrx_word' id='word_1_119' title='bbox 1031 2322 1146 2386; x_wconf 79' lang='lat' dir='ltr'>traxit.</span> 
     </span>
     <span class='ocr_line' id='line_1_19' title="bbox 428 2427 1153 2510; baseline 0.001 -18"><span class='ocrx_word' id='word_1_120' title='bbox 428 2428 522 2510; x_wconf 88' lang='lat' dir='ltr'>Mira,</span> <span class='ocrx_word' id='word_1_121' title='bbox 545 2429 602 2492; x_wconf 88' lang='lat' dir='ltr'>sed</span> <span class='ocrx_word' id='word_1_122' title='bbox 626 2432 660 2492; x_wconf 90' lang='lat' dir='ltr'>et</span> <span class='ocrx_word' id='word_1_123' title='bbox 682 2445 801 2493; x_wconf 79' lang='lat' dir='ltr'>scaena</span> <span class='ocrx_word' id='word_1_124' title='bbox 823 2427 1002 2492; x_wconf 89' lang='lat' dir='ltr'>testificata</span> <span class='ocrx_word' id='word_1_125' title='bbox 1024 2427 1153 2506; x_wconf 89' lang='lat' dir='ltr'>loquar:</span> 
     </span>
     <span class='ocr_line' id='line_1_20' title="bbox 382 2533 1414 2616; baseline 0.001 -16"><span class='ocrx_word' id='word_1_126' title='bbox 382 2534 475 2600; x_wconf 87' lang='lat' dir='ltr'>Mota</span> <span class='ocrx_word' id='word_1_127' title='bbox 499 2535 560 2599; x_wconf 87' lang='lat' dir='ltr'>dea</span> <span class='ocrx_word' id='word_1_128' title='bbox 583 2537 643 2616; x_wconf 88' lang='lat' dir='ltr'>est,</span> <span class='ocrx_word' id='word_1_129' title='bbox 666 2533 877 2613; x_wconf 81' lang='lat' dir='ltr'>sequiturque</span> <span class='ocrx_word' id='word_1_130' title='bbox 900 2533 1021 2614; x_wconf 87' lang='lat' dir='ltr'>ducem,</span> <span class='ocrx_word' id='word_1_131' title='bbox 1044 2533 1222 2614; x_wconf 89' lang='lat' dir='ltr'>laudatque</span> <span class='ocrx_word' id='word_1_132' title='bbox 1245 2537 1414 2615; x_wconf 87' lang='lat' dir='ltr'>sequendo.</span> 
     </span>
     <span class='ocr_line' id='line_1_21' title="bbox 339 2638 1134 2706; baseline -0.003 0"><span class='ocrx_word' id='word_1_133' title='bbox 339 2667 367 2706; x_wconf 81' lang='lat' dir='ltr'>so</span> <span class='ocrx_word' id='word_1_134' title='bbox 427 2640 531 2705; x_wconf 90' lang='lat' dir='ltr'>Index</span> <span class='ocrx_word' id='word_1_135' title='bbox 553 2639 704 2704; x_wconf 90' lang='lat' dir='ltr'>laetitiae</span> <span class='ocrx_word' id='word_1_136' title='bbox 727 2638 834 2702; x_wconf 84' lang='lat' dir='ltr'>fertur</span> <span class='ocrx_word' id='word_1_137' title='bbox 856 2638 890 2701; x_wconf 91' lang='lat' dir='ltr'>in</span> <span class='ocrx_word' id='word_1_138' title='bbox 914 2643 1005 2702; x_wconf 86' lang='lat' dir='ltr'>astra</span> <span class='ocrx_word' id='word_1_139' title='bbox 1027 2655 1134 2704; x_wconf 90' lang='lat' dir='ltr'>sonus.</span> 
     </span>
     <span class='ocr_line' id='line_1_22' title="bbox 382 2737 1314 2826; baseline 0 -15"><span class='ocrx_word' id='word_1_140' title='bbox 382 2745 544 2811; x_wconf 88' lang='lat' dir='ltr'>Fluminis</span> <span class='ocrx_word' id='word_1_141' title='bbox 568 2746 610 2810; x_wconf 85' lang='lat' dir='ltr'>ad</span> <span class='ocrx_word' id='word_1_142' title='bbox 632 2744 751 2809; x_wconf 84' lang='lat' dir='ltr'>flexum</span> <span class='ocrx_word' id='word_1_143' title='bbox 774 2744 920 2826; x_wconf 87' lang='lat' dir='ltr'>veniunt,</span> <span class='ocrx_word' id='word_1_144' title='bbox 943 2737 1168 2810; x_wconf 78' lang='lat' dir='ltr'>-Tiberina</span> <span class='ocrx_word' id='word_1_145' title='bbox 1190 2746 1314 2826; x_wconf 88' lang='lat' dir='ltr'>priores</span> 
     </span>
     <span class='ocr_line' id='line_1_23' title="bbox 426 2850 1137 2917; baseline -0.003 0"><span class='ocrx_word' id='word_1_146' title='bbox 426 2852 526 2917; x_wconf 83' lang='lat' dir='ltr'>Atria</span> <span class='ocrx_word' id='word_1_147' title='bbox 548 2851 703 2916; x_wconf 87' lang='lat' dir='ltr'>dixerunt</span> <span class='ocrx_word' id='word_1_148' title='bbox 725 2885 770 2898; x_wconf 89' lang='lat'>-·</span> <span class='ocrx_word' id='word_1_149' title='bbox 792 2851 877 2914; x_wconf 91' lang='lat' dir='ltr'>unde</span> <span class='ocrx_word' id='word_1_150' title='bbox 900 2850 1035 2915; x_wconf 89' lang='lat' dir='ltr'>sinister</span> <span class='ocrx_word' id='word_1_151' title='bbox 1056 2851 1137 2916; x_wconf 86' lang='lat' dir='ltr'>abit.</span> 
     </span>
     <span class='ocr_line' id='line_1_24' title="bbox 381 2955 1257 3040; baseline -0.001 -17"><span class='ocrx_word' id='word_1_152' title='bbox 381 2958 454 3023; x_wconf 91' lang='lat' dir='ltr'>Nox</span> <span class='ocrx_word' id='word_1_153' title='bbox 477 2961 601 3023; x_wconf 90' lang='lat' dir='ltr'>aderat.</span> <span class='ocrx_word' id='word_1_154' title='bbox 646 2974 768 3037; x_wconf 88' lang='lat' dir='ltr'>querno</span> <span class='ocrx_word' id='word_1_155' title='bbox 792 2955 935 3038; x_wconf 79' lang='lat' dir='ltr'>refigunt</span> <span class='ocrx_word' id='word_1_156' title='bbox 958 2975 979 3021; x_wconf 86' lang='lat' dir='ltr'>e</span> <span class='ocrx_word' id='word_1_157' title='bbox 1001 2957 1116 3038; x_wconf 86' lang='lat' dir='ltr'>stipite</span> <span class='ocrx_word' id='word_1_158' title='bbox 1138 2956 1257 3040; x_wconf 82' lang='lat' dir='ltr'>funem,</span> 
     </span>
     <span class='ocr_line' id='line_1_25' title="bbox 424 3062 1199 3144; baseline -0.001 -14"><span class='ocrx_word' id='word_1_159' title='bbox 424 3064 579 3144; x_wconf 89' lang='lat' dir='ltr'>Dantque</span> <span class='ocrx_word' id='word_1_160' title='bbox 600 3064 668 3130; x_wconf 87' lang='lat' dir='ltr'>levi</span> <span class='ocrx_word' id='word_1_161' title='bbox 691 3081 800 3129; x_wconf 92' lang='lat' dir='ltr'>somno</span> <span class='ocrx_word' id='word_1_162' title='bbox 823 3080 959 3142; x_wconf 89' lang='lat' dir='ltr'>corpora</span> <span class='ocrx_word' id='word_1_163' title='bbox 981 3062 1096 3128; x_wconf 84' lang='lat' dir='ltr'>iuncta</span> <span class='ocrx_word' id='word_1_164' title='bbox 1118 3063 1199 3129; x_wconf 90' lang='lat' dir='ltr'>cibo.</span> 
     </span>
     <span class='ocr_line' id='line_1_26' title="bbox 336 3167 1226 3253; baseline -0.003 -16"><span class='ocrx_word' id='word_1_165' title='bbox 336 3197 363 3237; x_wconf 76' lang='lat' dir='ltr'>ss</span> <span class='ocrx_word' id='word_1_166' title='bbox 378 3171 452 3237; x_wconf 89' lang='lat' dir='ltr'>Lux</span> <span class='ocrx_word' id='word_1_167' title='bbox 475 3173 604 3235; x_wconf 81' lang='lat' dir='ltr'>ederat:</span> <span class='ocrx_word' id='word_1_168' title='bbox 628 3186 749 3249; x_wconf 91' lang='lat' dir='ltr'>querno</span> <span class='ocrx_word' id='word_1_169' title='bbox 772 3167 904 3235; x_wconf 78' lang='lat' dir='ltr'>solvtmt</span> <span class='ocrx_word' id='word_1_170' title='bbox 928 3187 948 3232; x_wconf 91' lang='lat' dir='ltr'>a</span> <span class='ocrx_word' id='word_1_171' title='bbox 970 3169 1084 3250; x_wconf 90' lang='lat' dir='ltr'>stipite</span> <span class='ocrx_word' id='word_1_172' title='bbox 1107 3169 1226 3253; x_wconf 79' lang='lat' dir='ltr'>funem,</span> 
     </span>
     <span class='ocr_line' id='line_1_27' title="bbox 424 3275 1117 3354; baseline -0.001 -13"><span class='ocrx_word' id='word_1_173' title='bbox 424 3277 513 3341; x_wconf 92' lang='lat' dir='ltr'>Ante</span> <span class='ocrx_word' id='word_1_174' title='bbox 536 3279 646 3341; x_wconf 83' lang='lat' dir='ltr'>temen</span> <span class='ocrx_word' id='word_1_175' title='bbox 668 3275 774 3354; x_wconf 90' lang='lat' dir='ltr'>posito</span> <span class='ocrx_word' id='word_1_176' title='bbox 797 3278 874 3338; x_wconf 86' lang='lat' dir='ltr'>tura</span> <span class='ocrx_word' id='word_1_177' title='bbox 897 3275 1015 3341; x_wconf 86' lang='lat' dir='ltr'>dedere</span> <span class='ocrx_word' id='word_1_178' title='bbox 1038 3275 1117 3341; x_wconf 84' lang='lat' dir='ltr'>foco.</span> 
     </span>
     <span class='ocr_line' id='line_1_28' title="bbox 379 3380 1225 3461; baseline -0.004 -13"><span class='ocrx_word' id='word_1_179' title='bbox 379 3383 467 3448; x_wconf 87' lang='lat' dir='ltr'>Ante</span> <span class='ocrx_word' id='word_1_180' title='bbox 491 3386 679 3447; x_wconf 88' lang='lat' dir='ltr'>coronatam</span> <span class='ocrx_word' id='word_1_181' title='bbox 701 3398 841 3461; x_wconf 89' lang='lat' dir='ltr'>puppem</span> <span class='ocrx_word' id='word_1_182' title='bbox 864 3380 935 3445; x_wconf 90' lang='lat' dir='ltr'>sine</span> <span class='ocrx_word' id='word_1_183' title='bbox 954 3380 1032 3447; x_wconf 65' lang='lat' dir='ltr'>⁴labe</span> <span class='ocrx_word' id='word_1_184' title='bbox 1054 3381 1225 3448; x_wconf 88' lang='lat' dir='ltr'>iuvencam</span> 
     </span>
     <span class='ocr_line' id='line_1_29' title="bbox 422 3472 1222 3568; baseline -0.003 -14"><span class='ocrx_word' id='word_1_185' title='bbox 422 3490 614 3554; x_wconf 83' lang='lat' dir='ltr'>Maotarunt</span> <span class='ocrx_word' id='word_1_186' title='bbox 636 3504 767 3567; x_wconf 88' lang='lat' dir='ltr'>operum</span> <span class='ocrx_word' id='word_1_187' title='bbox 791 3486 996 3568; x_wconf 87' lang='lat' dir='ltr'>coniugiique</span> <span class='ocrx_word' id='word_1_188' title='bbox 1019 3488 1139 3553; x_wconf 87' lang='lat' dir='ltr'>rudem.</span> <span class='ocrx_word' id='word_1_189' title='bbox 1220 3472 1222 3476; x_wconf 38' lang='lat'><strong><em>¹</em></strong></span> 
     </span>
     <span class='ocr_line' id='line_1_30' title="bbox 378 3591 1290 3678; baseline -0.001 -19"><span class='ocrx_word' id='word_1_190' title='bbox 378 3594 440 3659; x_wconf 84' lang='lat' dir='ltr'>Est</span> <span class='ocrx_word' id='word_1_191' title='bbox 462 3595 562 3678; x_wconf 85' lang='lat' dir='ltr'>locus,</span> <span class='ocrx_word' id='word_1_192' title='bbox 582 3594 618 3658; x_wconf 93' lang='lat' dir='ltr'>in</span> <span class='ocrx_word' id='word_1_193' title='bbox 641 3592 786 3658; x_wconf 81' lang='lat' dir='ltr'>Tiberim</span> <span class='ocrx_word' id='word_1_194' title='bbox 808 3610 874 3671; x_wconf 92' lang='lat' dir='ltr'>qna</span> <span class='ocrx_word' id='word_1_195' title='bbox 896 3591 1041 3657; x_wconf 88' lang='lat' dir='ltr'>lubricus</span> <span class='ocrx_word' id='word_1_196' title='bbox 1064 3593 1172 3658; x_wconf 89' lang='lat' dir='ltr'>influit</span> <span class='ocrx_word' id='word_1_197' title='bbox 1195 3593 1290 3658; x_wconf 82' lang='lat' dir='ltr'>Almo</span> 
     </span>
    </p>
   </div>
   <div class='ocr_carea' id='block_1_3' title="bbox 235 3816 1529 4656">
    <p class='ocr_par' dir='ltr' id='par_1_3' title="bbox 242 3816 1529 4095">
     <span class='ocr_line' id='line_1_31' title="bbox 295 3816 1529 3902; baseline -0.001 -27"><span class='ocrx_word' id='word_1_198' title='bbox 295 3818 360 3902; x_wconf 84' lang='grc'><strong>611.</strong></span> <span class='ocrx_word' id='word_1_199' title='bbox 396 3818 450 3872; x_wconf 86' lang='lat' dir='ltr'>Die</span> <span class='ocrx_word' id='word_1_200' title='bbox 469 3817 556 3901; x_wconf 68' lang='lat' dir='ltr'>Verae</span> <span class='ocrx_word' id='word_1_201' title='bbox 576 3819 667 3900; x_wconf 71' lang='lat' dir='ltr'>geben</span> <span class='ocrx_word' id='word_1_202' title='bbox 693 3833 742 3886; x_wconf 81' lang='lat' dir='ltr'>an,</span> <span class='ocrx_word' id='word_1_203' title='bbox 766 3816 819 3869; x_wconf 79' lang='lat' dir='ltr'>wie</span> <span class='ocrx_word' id='word_1_204' title='bbox 837 3831 866 3868; x_wconf 85' lang='lat' dir='ltr'>es</span> <span class='ocrx_word' id='word_1_205' title='bbox 915 3853 936 3898; x_wconf 81' lang='lat'>·.</span> <span class='ocrx_word' id='word_1_206' title='bbox 961 3816 1007 3871; x_wconf 78' lang='lat'>73.</span> <span class='ocrx_word' id='word_1_207' title='bbox 1043 3819 1234 3900; x_wconf 27' lang='lat' dir='ltr'>comaunepor]</span> <span class='ocrx_word' id='word_1_208' title='bbox 1257 3835 1322 3872; x_wconf 85' lang='lat' dir='ltr'>men</span> <span class='ocrx_word' id='word_1_209' title='bbox 1347 3819 1454 3889; x_wconf 83' lang='lat' dir='ltr'>sprioht</span> <span class='ocrx_word' id='word_1_210' title='bbox 1476 3822 1529 3874; x_wconf 85' lang='lat' dir='ltr'>mir</span> 
     </span>
     <span class='ocr_line' id='line_1_32' title="bbox 242 3884 1527 4025; baseline 0 -12"><span class='ocrx_word' id='word_1_211' title='bbox 242 3884 865 4016; x_wconf 54' lang='lat' dir='ltr'>eistetentis:tttttt‘t&#39;ttrttti</span> <span class='ocrx_word' id='word_1_212' title='bbox 909 3884 1229 4025; x_wconf 48' lang='lat' dir='ltr'>⁶²⁰rieuiiiti¹iiin</span> <span class='ocrx_word' id='word_1_213' title='bbox 1248 3956 1286 4010; x_wconf 74' lang='lat' dir='ltr'>a</span> <span class='ocrx_word' id='word_1_214' title='bbox 1303 3959 1343 4010; x_wconf 68' lang='lat' dir='ltr'>a</span> <span class='ocrx_word' id='word_1_215' title='bbox 1360 3957 1408 4011; x_wconf 74' lang='lat' dir='ltr'>m</span> <span class='ocrx_word' id='word_1_216' title='bbox 1426 3954 1527 4014; x_wconf 61' lang='lat' dir='ltr'>stan.</span> 
     </span>
     <span class='ocr_line' id='line_1_33' title="bbox 243 4026 1526 4095; baseline -0.001 -12"><span class='ocrx_word' id='word_1_217' title='bbox 243 4047 305 4084; x_wconf 92' lang='lat' dir='ltr'>men</span> <span class='ocrx_word' id='word_1_218' title='bbox 323 4029 437 4082; x_wconf 87' lang='lat' dir='ltr'>konnts.</span> <span class='ocrx_word' id='word_1_219' title='bbox 947 4042 985 4095; x_wconf 86' lang='lat' dir='ltr'>ng</span> <span class='ocrx_word' id='word_1_220' title='bbox 1002 4026 1029 4078; x_wconf 78' lang='lat' dir='ltr'>si</span> <span class='ocrx_word' id='word_1_221' title='bbox 1046 4028 1147 4080; x_wconf 79' lang='lat' dir='ltr'>crimea</span> <span class='ocrx_word' id='word_1_222' title='bbox 1164 4027 1241 4081; x_wconf 82' lang='lat' dir='ltr'>obest</span> <span class='ocrx_word' id='word_1_223' title='bbox 1262 4027 1366 4081; x_wconf 85' lang='lat' dir='ltr'>bereits</span> <span class='ocrx_word' id='word_1_224' title='bbox 1387 4029 1428 4081; x_wconf 86' lang='lat' dir='ltr'>als</span> <span class='ocrx_word' id='word_1_225' title='bbox 1446 4031 1526 4083; x_wconf 79' lang='lat' dir='ltr'>witk-</span> 
     </span>
    </p>

    <p class='ocr_par' dir='ltr' id='par_1_4' title="bbox 240 4041 1527 4301">
     <span class='ocr_line' id='line_1_34' title="bbox 294 4041 1486 4167; baseline 0 -13"><span class='ocrx_word' id='word_1_226' title='bbox 294 4100 339 4155; x_wconf 83' lang='lat' dir='ltr'>ol.</span> <span class='ocrx_word' id='word_1_227' title='bbox 375 4097 472 4167; x_wconf 70' lang='lat' dir='ltr'>colim]</span> <span class='ocrx_word' id='word_1_228' title='bbox 491 4097 536 4150; x_wconf 88' lang='lat' dir='ltr'>die</span> <span class='ocrx_word' id='word_1_229' title='bbox 554 4096 677 4166; x_wconf 82' lang='lat' dir='ltr'>Eleganz</span> <span class='ocrx_word' id='word_1_230' title='bbox 695 4094 772 4147; x_wconf 88' lang='lat' dir='ltr'>ihrer</span> <span class='ocrx_word' id='word_1_231' title='bbox 784 4093 862 4147; x_wconf 90' lang='lat' dir='ltr'>Klei·</span> <span class='ocrx_word' id='word_1_232' title='bbox 907 4041 964 4146; x_wconf 53' lang='lat' dir='ltr'>ffel]</span> <span class='ocrx_word' id='word_1_233' title='bbox 983 4095 1053 4148; x_wconf 82' lang='lat' dir='ltr'>weiss</span> <span class='ocrx_word' id='word_1_234' title='bbox 1075 4095 1226 4160; x_wconf 77' lang='lat' dir='ltr'>„keuscher</span> <span class='ocrx_word' id='word_1_235' title='bbox 1242 4096 1486 4154; x_wconf 68' lang='lat' dir='ltr'>Lebenawandel‘t</span> 
     </span>
     <span class='ocr_line' id='line_1_35' title="bbox 242 4162 1527 4241; baseline -0.001 -18"><span class='ocrx_word' id='word_1_236' title='bbox 242 4169 325 4241; x_wconf 81' lang='lat' dir='ltr'>dung.</span> <span class='ocrx_word' id='word_1_237' title='bbox 340 4197 372 4208; x_wconf 93' lang='lat'><em>-</em></span> <span class='ocrx_word' id='word_1_238' title='bbox 386 4166 670 4235; x_wconf 76' lang='lat' dir='ltr'>ornatis-capillis]</span> <span class='ocrx_word' id='word_1_239' title='bbox 683 4164 736 4216; x_wconf 80' lang='lat' dir='ltr'>dess</span> <span class='ocrx_word' id='word_1_240' title='bbox 749 4164 789 4217; x_wconf 84' lang='lat' dir='ltr'>sie</span> <span class='ocrx_word' id='word_1_241' title='bbox 802 4162 863 4217; x_wconf 89' lang='lat' dir='ltr'>ihre</span> <span class='ocrx_word' id='word_1_242' title='bbox 959 4163 1004 4219; x_wconf 88' lang='grc'>80.</span> <span class='ocrx_word' id='word_1_243' title='bbox 1040 4180 1124 4218; x_wconf 75' lang='lat' dir='ltr'>sonus</span> <span class='ocrx_word' id='word_1_244' title='bbox 1141 4165 1242 4237; x_wconf 76' lang='lat' dir='ltr'>fertur]</span> <span class='ocrx_word' id='word_1_245' title='bbox 1260 4166 1309 4220; x_wconf 87' lang='lat' dir='ltr'>der</span> <span class='ocrx_word' id='word_1_246' title='bbox 1320 4165 1407 4222; x_wconf 82' lang='lat' dir='ltr'>Jubel</span> <span class='ocrx_word' id='word_1_247' title='bbox 1425 4169 1527 4223; x_wconf 86' lang='lat' dir='ltr'>sohallt</span> 
     </span>
     <span class='ocr_line' id='line_1_36' title="bbox 240 4232 1011 4301; baseline -0.009 -8"><span class='ocrx_word' id='word_1_248' title='bbox 240 4239 337 4293; x_wconf 79' lang='lat' dir='ltr'>Frisur</span> <span class='ocrx_word' id='word_1_249' title='bbox 354 4236 496 4291; x_wconf 83' lang='lat' dir='ltr'>kunstvoll</span> <span class='ocrx_word' id='word_1_250' title='bbox 513 4251 548 4289; x_wconf 74' lang='lat' dir='ltr'>eu</span> <span class='ocrx_word' id='word_1_251' title='bbox 567 4236 704 4289; x_wconf 81' lang='lat' dir='ltr'>vcriieren</span> <span class='ocrx_word' id='word_1_252' title='bbox 722 4232 862 4287; x_wconf 71' lang='lat' dir='ltr'>perstanti.</span> <span class='ocrx_word' id='word_1_253' title='bbox 907 4248 1011 4301; x_wconf 87' lang='lat' dir='ltr'>empor.</span> 
     </span>
    </p>

    <p class='ocr_par' dir='ltr' id='par_1_5' title="bbox 292 4301 1525 4376">
     <span class='ocr_line' id='line_1_37' title="bbox 292 4301 1525 4376; baseline -0.001 -13"><span class='ocrx_word' id='word_1_254' title='bbox 292 4308 338 4363; x_wconf 76' lang='lat'>62.</span> <span class='ocrx_word' id='word_1_255' title='bbox 373 4302 818 4376; x_wconf 72' lang='lat' dir='ltr'>ripidoscenec]a1tePhilister.</span> <span class='ocrx_word' id='word_1_256' title='bbox 958 4301 1003 4358; x_wconf 81' lang='grc'>82.</span> <span class='ocrx_word' id='word_1_257' title='bbox 1038 4305 1152 4358; x_wconf 68' lang='lat' dir='ltr'>siomter</span> <span class='ocrx_word' id='word_1_258' title='bbox 1174 4305 1244 4374; x_wconf 81' lang='lat' dir='ltr'>obit]</span> <span class='ocrx_word' id='word_1_259' title='bbox 1271 4306 1332 4359; x_wconf 85' lang='lat' dir='ltr'>sich</span> <span class='ocrx_word' id='word_1_260' title='bbox 1356 4308 1428 4361; x_wconf 86' lang='lat' dir='ltr'>nach</span> <span class='ocrx_word' id='word_1_261' title='bbox 1451 4308 1525 4362; x_wconf 84' lang='lat' dir='ltr'>links</span> 
     </span>
    </p>

    <p class='ocr_par' dir='ltr' id='par_1_6' title="bbox 240 4373 1524 4517">
     <span class='ocr_line' id='line_1_38' title="bbox 292 4373 1023 4445; baseline -0.008 -13"><span class='ocrx_word' id='word_1_262' title='bbox 292 4378 338 4432; x_wconf 77' lang='lat' dir='ltr'>ot.</span> <span class='ocrx_word' id='word_1_263' title='bbox 373 4378 405 4430; x_wconf 78' lang='lat' dir='ltr'>io</span> <span class='ocrx_word' id='word_1_264' title='bbox 419 4376 525 4445; x_wconf 78' lang='lat' dir='ltr'>citium]</span> <span class='ocrx_word' id='word_1_265' title='bbox 544 4375 597 4428; x_wconf 89' lang='lat' dir='ltr'>den</span> <span class='ocrx_word' id='word_1_266' title='bbox 609 4373 783 4426; x_wconf 80' lang='lat' dir='ltr'>Schwiichen</span> <span class='ocrx_word' id='word_1_267' title='bbox 802 4375 861 4441; x_wconf 91' lang='lat' dir='ltr'>(un-</span> <span class='ocrx_word' id='word_1_268' title='bbox 904 4373 1023 4426; x_wconf 84' lang='lat' dir='ltr'>wendet.</span> 
     </span>
     <span class='ocr_line' id='line_1_39' title="bbox 240 4441 1524 4517; baseline 0.001 -17"><span class='ocrx_word' id='word_1_269' title='bbox 240 4464 314 4501; x_wconf 75' lang='lat' dir='ltr'>rerer</span> <span class='ocrx_word' id='word_1_270' title='bbox 331 4445 484 4512; x_wconf 74' lang='lat' dir='ltr'>Niohstan)</span> <span class='ocrx_word' id='word_1_271' title='bbox 524 4444 673 4514; x_wconf 81' lang='lat' dir='ltr'>egenuber.</span> <span class='ocrx_word' id='word_1_272' title='bbox 957 4441 1003 4496; x_wconf 91' lang='grc'>88.</span> <span class='ocrx_word' id='word_1_273' title='bbox 1039 4457 1150 4512; x_wconf 75' lang='lat' dir='ltr'>operam</span> <span class='ocrx_word' id='word_1_274' title='bbox 1165 4446 1340 4513; x_wconf 68' lang='lat' dir='ltr'>concepitque</span> <span class='ocrx_word' id='word_1_275' title='bbox 1355 4447 1458 4517; x_wconf 82' lang='lat' dir='ltr'>rodem]</span> <span class='ocrx_word' id='word_1_276' title='bbox 1476 4465 1524 4501; x_wconf 83' lang='lat' dir='ltr'>zur</span> 
     </span>
    </p>

    <p class='ocr_par' dir='ltr' id='par_1_7' title="bbox 235 4461 1523 4656">
     <span class='ocr_line' id='line_1_40' title="bbox 292 4461 1523 4581; baseline -0.001 -9"><span class='ocrx_word' id='word_1_277' title='bbox 292 4514 359 4572; x_wconf 73' lang='lat'>711.</span> <span class='ocrx_word' id='word_1_278' title='bbox 394 4461 540 4570; x_wconf 51' lang='lat' dir='ltr'>Verbinfie</span> <span class='ocrx_word' id='word_1_279' title='bbox 571 4528 668 4581; x_wconf 77' lang='lat' dir='ltr'>preces</span> <span class='ocrx_word' id='word_1_280' title='bbox 703 4518 769 4567; x_wconf 76' lang='lat' dir='ltr'>tuac</span> <span class='ocrx_word' id='word_1_281' title='bbox 798 4526 861 4579; x_wconf 83' lang='lat' dir='ltr'>sup·</span> <span class='ocrx_word' id='word_1_282' title='bbox 904 4510 1007 4564; x_wconf 89' lang='lat' dir='ltr'>Arbeit</span> <span class='ocrx_word' id='word_1_283' title='bbox 1030 4512 1102 4565; x_wconf 92' lang='lat' dir='ltr'>noch</span> <span class='ocrx_word' id='word_1_284' title='bbox 1126 4514 1172 4566; x_wconf 90' lang='lat' dir='ltr'>nie</span> <span class='ocrx_word' id='word_1_285' title='bbox 1189 4515 1346 4568; x_wconf 77' lang='lat' dir='ltr'>vermendet</span> <span class='ocrx_word' id='word_1_286' title='bbox 1364 4516 1420 4568; x_wconf 91' lang='lat' dir='ltr'>und</span> <span class='ocrx_word' id='word_1_287' title='bbox 1438 4519 1523 4571; x_wconf 87' lang='lat' dir='ltr'>unbe-</span> 
     </span>
     <span class='ocr_line' id='line_1_41' title="bbox 235 4580 1522 4656; baseline -0.008 -14"><span class='ocrx_word' id='word_1_288' title='bbox 235 4588 329 4656; x_wconf 78' lang='lat' dir='ltr'>plicr&#39;s.</span> <span class='ocrx_word' id='word_1_289' title='bbox 667 4649 668 4656; x_wconf 9' lang='grc' dir='ltr'>ἵ</span> <span class='ocrx_word' id='word_1_290' title='bbox 905 4580 985 4634; x_wconf 82' lang='lat' dir='ltr'>riihrt</span> <span class='ocrx_word' id='word_1_291' title='bbox 1002 4598 1065 4636; x_wconf 85' lang='lat' dir='ltr'>vom</span> <span class='ocrx_word' id='word_1_292' title='bbox 1084 4581 1165 4636; x_wconf 87' lang='lat' dir='ltr'>Stier.</span> <span class='ocrx_word' id='word_1_293' title='bbox 1520 4591 1522 4596; x_wconf 86' lang='lat'>&#39;</span> 
     </span>
    </p>
   </div>
   <div class='ocr_carea' id='block_1_4' title="bbox 0 0 1862 5298">
    <p class='ocr_par' dir='ltr' id='par_1_8' title="bbox 0 0 1862 5298">
     <span class='ocr_line' id='line_1_42' title="bbox 0 0 1862 5298; baseline 0 8"><span class='ocrx_word' id='word_1_294' title='bbox 0 0 1862 5298; x_wconf 95' lang='lat' dir='ltr'> </span> 
     </span>
    </p>
   </div>
  </div>
 </body>
</html>
