3716 5292
746 449 1072 522 mmmama

401 623 529 707 Dignus
552 643 587 690 es
610 630 757 710 argento,
780 625 872 693 fulvo
895 644 1022 708 qnoque
1044 627 1173 710 dignior
1195 648 1286 696 auro:

446 730 510 796 Sed
532 735 576 815 te,
600 750 671 798 cum
695 733 805 817 donas,
827 733 895 798 ista
916 732 1032 800 iuvare
1054 733 1168 801 solent.

300 858 301 862 ¹
371 837 467 902 sNec
489 841 600 903 tamen
622 839 705 904 haec
727 839 800 905 loca
822 843 899 904 sunt
921 839 987 905 ullo
1010 841 1155 921 pretiosa
1176 842 1322 909 metallo:

444 943 559 1010 Hostis
582 945 625 1010 ab
649 945 795 1028 agricola
817 944 875 1013 vix
897 945 978 1012 sinit
999 945 1059 1011 illa
1081 945 1157 1013 todi.

399 1049 551 1130 Purpura
574 1069 672 1132 saepe
694 1055 769 1117 tuos
792 1051 923 1134 fulgens
945 1053 1112 1133 praetexit
1135 1052 1282 1120 amictus.

443 1155 508 1222 Sed
530 1175 594 1223 non
617 1157 799 1224 Sarmatico
822 1157 965 1241 tingitur
987 1158 1046 1223 illa
1068 1159 1159 1224 mari.
1195 1190 1196 1194 =

399 1261 532 1329 Vellera
555 1263 637 1329 dura
659 1263 771 1330 ierunt
793 1264 941 1348 pecudes,
957 1268 999 1330 et
1020 1265 1166 1332 Palladis
1189 1266 1240 1332 uti

354 1393 381 1434 ιο
441 1369 525 1434 Arte
548 1369 743 1436 Tomitanae
764 1389 829 1438 non
852 1370 995 1437 didicere
1017 1389 1126 1437 nurus

398 1474 536 1541 Femina
558 1495 617 1557 pro
640 1476 719 1542 lana
742 1476 884 1548 Cerialia
907 1467 1042 1544 munera
1064 1476 1199 1561 frangit,

442 1580 682 1663 suppositoque
704 1601 840 1666 gravem
863 1583 990 1650 vertice
1011 1587 1126 1664 portat
1148 1602 1275 1664 aquam.

397 1687 469 1753 Non
492 1687 546 1754 hic
568 1689 749 1770 pampineis
773 1688 924 1756 amicitur
947 1688 1071 1758 vitibus
1094 1689 1208 1773 ulmus,

442 1793 542 1860 Nulla
563 1800 717 1875 premunt
738 1812 846 1862 ramos
868 1797 1011 1877 pondere
1032 1813 1129 1876 poma
1150 1814 1216 1861 suo.

353 1898 522 1965 1sl¹ristia
545 1899 704 1967 deformes
726 1901 861 1982 pariunt
884 1901 1053 1968 absinthia
1076 1901 1190 1984 campi,

442 2006 611 2087 Terraque
634 2008 674 2072 de
697 2006 808 2073 fructu
831 2007 995 2089 quamsit
1018 2026 1140 2091 amara,
1163 2008 1266 2074 docet.

396 2110 452 2177 Nil
474 2112 579 2195 igitur
600 2117 674 2179 tota
695 2114 795 2178 Ponti
817 2114 951 2196 regione
973 2113 1109 2198 sinistri,

442 2218 535 2302 Quod
557 2237 630 2286 mea
653 2220 812 2286 sedulitas
834 2219 967 2287 mittere
989 2224 1110 2304 posset,
1133 2223 1215 2286 erat.

397 2324 515 2392 Clausa
537 2330 649 2392 tamen
671 2326 746 2391 misi
769 2326 926 2409 Scythica
948 2327 1011 2392 tibi
1033 2326 1103 2392 tela
1125 2327 1295 2407 pharetra:

352 2456 379 2496 a
439 2431 545 2499 Hoste
566 2450 681 2513 precor
703 2431 787 2498 fiant
808 2431 868 2499 illa
891 2436 1027 2499 cruenta
1048 2436 1115 2498 tuo.

395 2537 466 2604 Hos
488 2539 590 2604 habet
612 2539 695 2603 haec
718 2538 868 2620 calamos,
891 2539 949 2604 hos
971 2539 1053 2604 haec
1075 2539 1178 2604 habet
1199 2556 1258 2604 ora
1280 2538 1417 2605 libellos

440 2644 533 2710 Haec
555 2645 648 2726 viget
670 2644 705 2709 in
727 2643 857 2728 nostrin,
879 2645 1031 2728 Maxime,
1052 2644 1148 2710 Musa
1169 2643 1261 2710 locist

396 2749 489 2835 Quae
511 2769 706 2832 quamquam
728 2750 855 2818 misisse
876 2751 987 2832 pudet,
1011 2750 1088 2831 qnia
1110 2768 1216 2831 parva
1238 2749 1401 2832 videntur,
1519 2803 1521 2808 .

440 2859 492 2924 Tu
514 2862 625 2924 tamen
647 2857 738 2942 haec,
761 2875 891 2941 quaeso,
915 2856 1045 2923 consule
1066 2855 1166 2922 missa
1187 2855 1272 2924 boni.

332 3040 359 3095 7.
396 2999 527 3094 Gomeint
561 3040 598 3092 iot
630 3038 676 3094 die
705 3037 758 3092 mit
794 3039 884 3093 ciuem
927 3035 1272 3110 geschobenemSchaital:
1285 3035 1548 3107 ,amdamnopfea

261 3109 370 3165 breiten
388 3108 614 3180 Purpurstreifen
634 3109 785 3163 versehene
802 3108 884 3164 Toa
927 3137 961 3148 —
980 3103 1089 3230 acmen)
1108 3105 1255 3162 Waessrkr
1297 3147 1303 3160 .

262 3180 517 3250 (togupraetcxtc),
535 3179 642 3233 welche
656 3179 709 3233 den
728 3183 818 3234 ersten
857 3195 883 3232 e·
979 3177 1025 3232 13.
1089 3176 1127 3247 gl.
1144 3193 1180 3230 au
1197 3175 1278 3232 Nad
1298 3167 1374 3244 ,ss

262 3255 355 3304 amten
372 3249 482 3304 zukam.
979 3247 1024 3302 17.
1058 3247 1190 3368 είπψὶ
1202 3245 1393 3330 ungllleklioh.

314 3351 660 3422 rawwmmm
926 3313 1548 3440 afflssffQfffflmfflfflM”

314 3455 359 3511 12.
394 3457 537 3526 supposito
566 3454 676 3526 vertice]
709 3453 762 3508 mit
790 3459 882 3509 unter-
977 3454 1023 3511 al.
1042 3449 1547 3528 comode-bom]vgl.auNo.45,ldd.
