3714 5298
724 467 777 522 uo.
791 469 822 537 1?
842 469 1067 542 ovam-ara).
1497 475 1540 539 43

676 655 751 739 'ua
770 671 802 739 u
826 651 887 756 (iv
902 671 1102 758 nro-348).

257 823 324 890 Die
349 805 610 910 diermnnmg
639 826 701 894 dos
729 826 957 1000 BildoshdoRr0
975 829 1100 914 dogna
1128 831 1242 898 later
1271 850 1341 902 von
1370 833 1541 900 Pessimus

790 946 856 996 noo
958 951 1006 1000 m.

392 1084 584 1167 ‘Dindymon
608 1091 643 1152 et
666 1086 809 1170 Cybelen
832 1091 867 1152 et
889 1106 1056 1154 amoenam
1079 1090 1225 1157 fontibus
1247 1092 1327 1157 Iden

437 1191 572 1272 Semper
594 1197 628 1258 et
650 1192 770 1258 Iliacas
792 1194 903 1259 Mater
925 1196 1051 1263 amavit
1074 1215 1163 1278 opes:

393 1296 472 1363 Cum
495 1298 628 1363 Troiam
651 1299 781 1364 Aeneas
804 1300 907 1365 Italos
928 1306 1079 1382 portaret
1100 1303 1135 1368 in
1159 1321 1264 1386 agros,

436 1403 500 1468 Est
523 1405 584 1470 dea
606 1404 781 1472 semiferas
803 1424 907 1487 poene
930 1411 1044 1473 seouta
1066 1411 1164 1492 rates
1281 1492 1286 1498 μ

364 1508 457 1574 oded
479 1501 625 1575 nondum
642 1510 723 1577 fatis
744 1512 842 1577 Iontio
866 1531 925 1578 sua
947 1515 1080 1580 numina
1103 1515 1192 1597 posci

437 1615 601 1701 Senserat,
623 1619 769 1683 adsuetis
791 1619 1051 1701 substiteratque
1072 1621 1161 1712 loeis.
1273 1623 1275 1628 '

394 1722 483 1806 Post,
505 1728 544 1789 ut
565 1723 670 1789 Roma
692 1729 808 1806 potens
831 1725 946 1806 opibus
968 1726 1033 1791 iam
1057 1727 1189 1792 saeculo
1212 1727 1354 1808 quinque

437 1829 540 1914 Vidit,
564 1835 598 1895 et
621 1830 761 1896 edomito
785 1831 920 1896 sustulit
942 1832 1020 1897 orbe
1043 1838 1151 1916 eaput,

393 1925 717 2002 carminisuuboioi
739 1935 859 2002 fatalia
882 1937 985 2003 verba
1008 1939 1158 2004 sacerdos

309 2059 312 2063 ·
350 2067 377 2106 ιο
436 2041 588 2124 Inspicit3
611 2042 793 2124 inspectum
816 2042 885 2108 tale
907 2042 1009 2109 fuisse
1031 2044 1155 2110 ierunt:

393 2147 522 2213 “Mater
544 2149 651 2214 abest:
674 2148 816 2214 Matrem
839 2149 943 2234 iubeo,
966 2150 1121 2234 Romane,
1143 2151 1299 2232 requiras,

440 2253 519 2320 Cum
541 2255 662 2339 veniet,
685 2260 778 2321 oasta
801 2260 852 2321 est
874 2257 1064 2338 accipienda
1084 2258 1209 2323 manu.”

395 2358 561 2426 Obscurae
584 2363 683 2428 sortis
705 2363 1034 2444 patres-ambagibus
1057 2368 1179 2446 errant,

440 2466 575 2550 Quaeve
596 2486 716 2548 parens
740 2468 837 2549 absit,
860 2486 964 2547 quove
986 2469 1128 2550 petenda
1150 2469 1228 2534 looo.

352 2599 378 2638 15
395 2573 583 2639 consulitur
605 2573 726 2655 Paean,
750 2572 960 2653 “divum”que
983 2574 1157 2639 “arcessite
1179 2574 1347 2657 Matrem‚'’

441 2679 554 2760 Inquit
577 2679 629 2743 “in
652 2678 750 2744 Idaeo
774 2682 824 2744 est
846 2679 1042 2745 invenienda
1064 2679 1167 2761 iugo.''

396 2785 577 2850 Mittuntur
598 2801 756 2866 proceres,
801 2784 968 2868 Phrygiae
991 2789 1070 2850 tuno
1093 2790 1224 2866 sceptra
1246 2787 1382 2852 tenebat

441 2891 590 2956 Attalus:
612 2891 766 2956 Ausoniis
788 2909 857 2956 rem
879 2895 981 2974 negat
1002 2890 1059 2956 ille
1082 2891 1171 2958 viris.

398 2997 484 3064 Mira
508 3015 632 3062 canam.
677 2996 774 3079 longo
797 2997 933 3062 tremuit
956 3016 1027 3062 oum
1050 3016 1214 3063 murmure
1236 2997 1343 3080 tellus,

353 3130 381 3169 20
441 3104 488 3168 Et
510 3103 558 3169 sio
580 3107 632 3169 est
655 3103 765 3186 adytis
788 3103 867 3169 diva
888 3103 999 3169 locuta
1021 3105 1102 3170 suis:

399 3209 493 3291 “Ipsa
515 3209 586 3290 peti
608 3209 706 3275 volui
751 3227 793 3274 ne
816 3209 861 3274 sit
883 3225 983 3275 mora.
1029 3211 1125 3276 mitte
1148 3211 1320 3278 volentem.

441 3314 571 3397 Dignus
594 3314 697 3380 Roma
720 3314 818 3398 loom,
842 3332 904 3395 quo
928 3316 1007 3381 deris
1030 3317 1133 3382 omnis
1156 3316 1238 3382 eat.”

398 3421 460 3487 Ille
483 3421 553 3488 soni
576 3426 701 3486 terrore
723 3437 849 3501 pavens
872 3420 1118 3505 “proficiscere’'
1141 3423 1226 3487 dixit

444 3527 586 3593 “Nostra
607 3527 686 3592 eris:
708 3526 743 3590 in
766 3526 929 3609 Phrygios
951 3526 1056 3593 Roma
1078 3527 1222 3594 refertur
1244 3527 1350 3594 auos?

356 3660 383 3701 ετ.
398 3634 554 3700 Protinus
576 3633 766 3698 innumerae
788 3633 929 3698 caedunt
951 3634 1066 3714 pineta
1088 3653 1217 3700 secures

445 3739 518 3823 Illa,
541 3739 659 3820 quibus
682 3738 811 3822 fugiens
834 3738 948 3820 Phryx
970 3737 1043 3821 pius
1066 3758 1142 3805 usus
1170 3744 1251 3805 erat.

400 3845 492 3912 Mille
515 3864 631 3912 manus
655 3849 782 3928 coeunt,
805 3849 839 3909 et
862 3844 953 3925 picta
976 3845 1137 3912 coloribus
1160 3847 1263 3912 ustis·

447 3943 632 4018 Caelestum
654 3951 796 4016 Matrem
819 3968 963 4017 oonoava
985 3952 1103 4033 puppis
1124 3953 1235 4018 habet.

183 4135 187 4142 ·
338 4107 393 4164 No.
411 4108 457 4163 17.
492 4107 547 4160 Die
565 4106 644 4161 Musa
667 4106 754 4161 Erato
777 4106 892 4176 aprioht,
988 4107 1033 4161 ld.
1068 4107 1169 4177 divum]
1187 4107 1274 4179 genit.
1291 4107 1364 4175 plur.

268 4177 376 4231 welche
393 4177 449 4230 den
464 4176 584 4230 Diohter
601 4175 720 4230 belehrt.
986 4174 1033 4230 21.
1065 4177 1137 4246 peto]
1164 4176 1262 4247 geholt
1285 4176 1404 4230 werden.
1422 4177 1557 4244 -.mt'tte]

340 4247 369 4303 3.
401 4247 538 4317 portaret]
557 4261 591 4299 ve
626 4245 736 4300 donate.
935 4245 982 4297 lad
1001 4244 1064 4298 fort.

272 4363 275 4368 .
341 4316 370 4370 4.
405 4314 567 4388 domitores]
617 4318 643 4368 ie
672 4315 812 4384 Penates,
842 4315 893 4367 das
989 4314 1033 4370 24.
1070 4317 1134 4384 eris]
1158 4316 1195 4372 du
1218 4316 1296 4368 wirst
1318 4314 1439 4388 bieiben.
1462 4329 1556 4370 -res

271 4385 431 4439 Palladium
457 4385 516 4438 und
540 4385 590 4437 das
616 4383 773 4438 Herdfeuer
800 4400 892 4437 waren
937 4383 1009 4449 ferri
1038 4385 1131 4438 seinen
1144 4383 1291 4455 Ursprung
1308 4384 1504 4438 aurdekleiten.
1524 4414 1556 4424 -

271 4455 318 4510 die
334 4471 423 4522 saera,
441 4454 486 4508 die
505 4453 616 4507 Aeneas
638 4454 689 4507 auf
708 4453 770 4507 dem
789 4452 892 4507 Sehiffe
937 4468 1003 4507 avos
1031 4453 1147 4507 Ahnen..

270 4524 416 4578 mimahm.
447 4567 448 4572 1
819 4542 821 4546 ’
940 4540 945 4572 2
989 4522 1035 4579 26.
1070 4522 1314 4597 Phrya1Aeneos.

325 4593 391 4649 111.
415 4594 541 4649 Ndherea
549 4593 596 4647 bei
605 4592 703 4646 Livius
712 4591 813 4646 XXIX
821 4590 893 4656 10,4.
989 4591 1037 4649 ⁶28.
1073 4594 1227 4664 coelatum]
1244 4593 1449 4665 genitia-plur:
