3714 5298
569 459 621 514 No.
634 460 666 513 21
687 461 728 530 (II
740 462 887 562 ter-272,
906 465 1053 534 arr-302,
1072 469 1229 541 359-380).

389 631 454 698 Cur
476 633 581 715 igitur
604 641 746 720 currant,
771 642 805 703 et
828 657 886 704 cur
907 641 1022 707 —sic
1045 661 1175 712 currere
1197 665 1265 714 mos
1288 653 1340 715 est
1361 687 1406 697 —

432 739 528 806 Nuda
551 739 661 806 ierant
683 743 791 824 posita
814 761 949 826 corpora
971 752 1074 832 reste,
1097 751 1215 834 rogas?
1292 789 1295 796 ·

343 845 462 934 1⁵·Ipse
485 846 563 912 deus
586 847 684 914 velox
708 849 888 916 discurrere
910 855 1034 934 gaudet
1056 855 1091 920 in
1114 857 1192 924 altis

431 953 608 1035 Montibus,
632 957 667 1019 et
689 955 816 1021 subitas
841 958 982 1039 concipit
1004 960 1075 1041 ipse
1097 961 1206 1046 fugas3

386 1058 460 1138 Ipse
484 1060 563 1124 deris
586 1061 691 1126 nudus
715 1064 818 1128 nudos
840 1063 934 1129 iubet
956 1065 1004 1131 ire
1027 1067 1205 1152 ministros;

430 1166 499 1231 Nec
521 1167 604 1232 satis
627 1169 669 1231 ad
692 1186 805 1234 cursus
828 1171 994 1236 commoda
1015 1174 1119 1238 restis
1142 1181 1222 1241 erat.

385 1270 474 1337 Ante
496 1273 608 1340 Iovem
630 1274 778 1356 genitum
801 1279 907 1340 terras
930 1276 1083 1343 habuisse
1105 1278 1257 1347 feruntur

340 1403 368 1443 so
427 1378 584 1462 Arcades,
607 1384 641 1445 et
663 1380 742 1446 luna
764 1398 845 1462 gens
868 1381 958 1463 prior
979 1382 1039 1448 illa
1060 1383 1134 1450 init.

384 1484 465 1550 Vita
487 1483 567 1551 ieris
590 1486 714 1570 similis,
737 1487 843 1553 nullos
866 1488 997 1570 agitata
1018 1507 1078 1570 per
1100 1509 1188 1557 usus:

428 1590 522 1657 Artis
545 1593 651 1658 adhue
674 1611 790 1676 expers
814 1598 849 1658 et
871 1595 952 1659 rude
975 1594 1091 1678 volgus
1115 1602 1195 1662 erat.

382 1696 448 1762 Pro
471 1699 618 1764 domibus
640 1697 772 1765 frondes
794 1704 922 1784 norant,
944 1718 1003 1781 pro
1027 1700 1176 1784 frugibus
1198 1703 1325 1788 herbae,

427 1803 551 1868 Nectar
573 1809 646 1869 erat
668 1805 785 1886 palmis
808 1806 928 1870 hausta
952 1807 1076 1872 duabus
1100 1827 1192 1888 aqua.

339 1933 366 1975 ss
382 1909 498 1974 Nullus
522 1910 700 1976 anhelabat
722 1912 782 1976 sub
806 1913 930 1976 adunco
953 1931 1082 1979 vomere
1105 1918 1229 1994 taurus,

426 2016 526 2081 Nulla
548 2017 608 2082 sub
631 2017 766 2098 imperio
789 2022 881 2082 terra
904 2017 1040 2084 colentis
1063 2024 1148 2085 erat:

381 2122 497 2188 Nullus
521 2123 627 2188 adbuc
650 2127 722 2188 erat
744 2142 823 2189 usus
846 2125 934 2204 equi;
957 2142 992 2190 se
1015 2125 1151 2206 quisque
1174 2125 1317 2194 ferebat:

425 2228 503 2294 Ibat
525 2229 596 2296 ovis
619 2229 697 2295 lana
720 2247 835 2311 corpus
859 2231 979 2296 amicta
1002 2249 1069 2296 sua.

381 2335 448 2400 Sub
470 2335 550 2403 Iove
573 2337 737 2402 durabant
760 2340 794 2402 et
818 2353 954 2418 corpora
975 2338 1063 2402 nuda
1084 2338 1252 2423 gerebant,

335 2449 364 2506 ro
423 2441 531 2507 Docta
553 2460 673 2524 graves
695 2442 816 2508 imbres
840 2446 874 2507 et
896 2440 1039 2508 tolerare
1062 2448 1164 2510 notos.

378 2548 472 2613 Nune
496 2565 623 2628 quoque
646 2548 769 2613 detecti
791 2546 940 2613 referunt
962 2549 1161 2615 monimenta
1183 2552 1308 2618 vetusti

423 2654 534 2736 Moris
557 2658 591 2718 et
615 2653 767 2732 antiquas
790 2653 1009 2718 testificantur
1031 2655 1115 2734 opes,

679 2760 697 2796 ²l=
894 2761 911 2797 *

674 2814 677 2820 ·
787 2803 804 2840 a<

377 2865 472 2932 Adde
493 2866 675 2948 peregrinis
699 2883 822 2948 camos,
846 2882 918 2930 mea
939 2867 1042 2948 Musa,
1065 2865 1213 2949 Latinas,

422 2971 526 3053 Inque
549 2989 606 3037 suo
628 2977 741 3038 noster
762 2972 898 3053 pulvere
921 2977 1033 3038 curat
1056 2989 1164 3053 equus.

333 3101 361 3143 rs
378 3077 549 3160 cornipedi
571 3079 686 3144 Fauno
710 3096 806 3144 caesa
829 3080 869 3144 de
891 3097 979 3145 more
1002 3078 1128 3159 capella

422 3185 524 3251 Venit
547 3186 588 3250 ad
612 3184 746 3266 exiguas
770 3185 869 3250 turba
891 3189 1010 3251 vocata
1034 3186 1142 3266 dapes

370 3290 526 3372 ,Dumque
549 3291 734 3356 sacerdotes
756 3290 889 3357 veribus
912 3295 1065 3356 transuta
1088 3290 1226 3373 salignis

420 3397 511 3463 Exta
532 3401 662 3480 parant,
685 3397 808 3463 medias
830 3395 898 3462 sole
920 3401 1055 3462 tenente
1077 3397 1158 3480 vias,

374 3503 532 3570 Romulus
555 3507 590 3569 et
612 3501 719 3568 irater
740 3501 980 3583 pastoralisque
1001 3502 1156 3569 iuventus

329 3637 358 3677 ro
418 3611 547 3678 Solibus
572 3615 606 3676 et
629 3626 741 3689 eampo
766 3625 901 3688 corpora
922 3609 1011 3673 nuda
1035 3608 1168 3674 dabant.

374 3717 545 3784 anstibus
569 3720 604 3782 et
624 3714 742 3782 iaculis
766 3717 800 3779 et
822 3713 919 3780 misso
941 3715 1084 3794 pondere
1106 3715 1179 3779 saxi

417 3824 579 3889 Bracchia
602 3842 661 3904 per
686 3821 776 3886 lusus
800 3819 997 3901 experienda
1020 3821 1154 3886 dabant.

372 3929 493 3996 Pastor
515 3931 557 3996 ab
582 3928 708 3995 excelso
732 3928 800 4008 ‘per
822 3926 919 3992 devia
941 3944 1020 3992 rura
1042 3926 1195 3993 iuvencos

414 4036 560 4118 Romule,
582 4036 771 4116 praedones,
795 4039 829 4098 et
850 4031 974 4098 Remel
998 4032 1084 4096 dixit
1106 4031 1236 4113 ‘agunt’

326 4167 354 4208 a
370 4141 518 4225 Longum
542 4146 615 4207 erat
637 4140 771 4206 arrnari:
795 4139 933 4206 diversis
956 4138 1026 4204 exit
1048 4142 1186 4218 uterque

289 4315 334 4371 16.
369 4312 467 4368 Duher
487 4314 561 4368 noch
583 4314 668 4368 heuto
695 4313 858 4382 ,perischer
953 4311 998 4366 ab.
1034 4311 1173 4380 sobIooc]
1189 4308 1380 4364 unterfreiem
1391 4309 1523 4365 Himrnel

236 4383 420 4438 Schrecken“.
952 4381 998 4435 31.
1034 4380 1144 4448 detecti]
1170 4379 1308 4446 entbldsst,
1332 4397 1367 4433 au
1385 4383 1523 4451 ergbnzen

288 4454 335 4508 21.
369 4453 460 4508 nullos
483 4483 518 4493 —·
540 4453 616 4522 usos]
643 4453 716 4508 ohne
733 4452 856 4506 Lebens-
899 4450 936 4502 ist
953 4450 1071 4502 ministri
1091 4450 1158 4503 oder
1175 4448 1305 4517 Luperci.

235 4539 284 4576 ans
305 4524 392 4577 riiche
410 4521 568 4576 verbrecht
952 4519 997 4574 37.
1033 4519 1151 4588 veribus]
1175 4517 1261 4572 ablat.
1283 4518 1356 4588 plur.
1374 4535 1429 4572 von
1446 4535 1522 4573 veru.

284 4540 332 4648 Bt.
368 4592 492 4663 frondeo]
510 4592 700 4646 Leubhiltten.

276 4695 605 4748 Brandmmertdekeeur
620 4695 687 4737 odd,
1330 4668 1349 4721 4
1369 4683 1379 4761 Ξ
1406 4689 1416 4763 J
1489 4721 1528 4769 τη
1553 4695 1572 4738 3⁴
1587 4697 1608 4742 *J
