3716 5292
313 479 375 544 102
851 493 971 548 Zweiter
992 493 1064 548 Tell.

403 678 429 717 ι.
445 654 585 720 Fumida
608 655 761 738 cingatur
782 656 973 722 florentibus
996 675 1057 724 ara
1080 658 1214 742 coronis

491 761 643 841 illicoque
665 761 813 828 sollemni
835 762 920 828 turis
942 763 977 828 in
998 762 1075 845 igne
1097 769 1199 847 sonet

447 866 596 947 Libaque
619 868 691 934 dem
712 869 844 950 proprie
866 869 1012 950 genitale
1034 870 1185 936 notantia
1207 874 1344 953 tempus,

493 973 746 1055 Concipiamque
765 975 867 1040 bonas
891 992 954 1040 ore‘
969 974 1104 1042 favente
1125 975 1259 1057 preces?

448 1079 521 1145 Nou
543 1079 594 1145 ita
616 1097 686 1144 sum
708 1081 842 1165 positus,
864 1099 925 1147 nec
948 1086 1025 1147 sunt
1048 1099 1088 1148 ea
1109 1086 1257 1164 tempora
1278 1083 1380 1167 nobis,
1469 1099 1471 1104 ·

405 1209 433 1248 m
493 1186 649 1252 Adventu
670 1187 791 1267 possim
813 1187 922 1253 laetus
945 1192 984 1254 ut
1006 1206 1078 1254 esse
1100 1193 1169 1254 tuo,

449 1291 589 1358 Funeris
612 1293 783 1376 uramini,
806 1293 904 1360 ferali
928 1294 1037 1359 cincta
1060 1312 1222 1377 cupressu,

496 1397 655 1464 Convenit
678 1404 713 1464 et
735 1399 871 1466 structis
892 1399 1023 1465 flamma
1044 1404 1164 1481 paratu
1186 1401 1282 1483 rogis.

450 1505 518 1569 Nec
541 1505 620 1570 dare
643 1509 720 1570 tura
742 1506 826 1571 libet
847 1505 895 1570 nil
918 1506 1090 1573 exorantia
1113 1506 1214 1585 diros,

496 1611 534 1675 In
558 1611 662 1676 tentis
684 1612 827 1678 subeunt
848 1631 909 1678 nee
930 1613 1017 1678 bona
1038 1613 1142 1678 verba
1164 1613 1267 1678 malis.

408 1744 434 1784 n
451 1717 485 1784 Si
509 1722 619 1783 tamen
642 1723 694 1783 est
716 1719 842 1799 aliquid
864 1719 958 1785 nobis
981 1720 1045 1784 hae
1067 1718 1140 1784 luce
1161 1721 1345 1802 petendum,

497 1824 536 1890 In
558 1824 631 1889 loca
652 1842 694 1889 ne
716 1826 832 1891 redeas
855 1824 992 1906 amplius
1014 1812 1096 1909 irta,'
1112 1844 1235 1909 precor,
1338 1843 1342 1862 ·

453 1930 539 1996 Dum
561 1949 612 1996 me
634 1935 797 1996 terrarum
820 1949 897 2013 pars
919 1950 1023 2013 paene
1045 1931 1231 2016 novissima,
1254 1931 1387 2012 Pontus,

498 2037 646 2102 Euxinus
670 2035 753 2102 falso
777 2037 906 2102 nomine
929 2037 1045 2119 dictus,
1067 2039 1177 2103 habet.

799 2262 1132 2348 MQQNU

425 2484 428 2492 .
541 2421 607 2510 Die
629 2420 752 2487 llusen
775 2421 829 2487 als
851 2417 1115 2488 Tristomnnen
1138 2421 1190 2486 im
1211 2421 1388 2502 Ungluck.

457 2578 558 2658 Siqua
581 2577 816 2662 meminerint,
839 2583 879 2644 ut
900 2584 1006 2662 erunt
1029 2578 1152 2646 vitiosa
1173 2577 1302 2661 libellis,

503 2685 672 2751 Excusata
695 2703 751 2750 suo
775 2689 929 2769 tempore,
952 2686 1065 2766 lector,
1087 2685 1182 2750 habe.

459 2791 546 2857 Exul
570 2810 667 2874 eram,
689 2792 882 2872 requiesque
904 2791 993 2873 milri,
1015 2808 1080 2857 non
1103 2789 1192 2856 fama
1213 2791 1320 2873 petita
1343 2795 1401 2872 est,

504 2899 596 2964 Mens
619 2899 749 2964 intenta
772 2899 838 2964 suis
861 2916 902 2964 ue
925 2897 1013 2964 foret
1035 2916 1137 2977 usque
1158 2898 1262 2964 malis.

431 3005 531 3070 5Hoc
553 3009 612 3086 est,
635 3023 693 3070 cur
716 3010 829 3070 cantet
851 3005 982 3070 vinctus
1005 3021 1132 3084 quoque
1156 3003 1307 3083 compede
1329 3000 1441 3083 fossor,

505 3110 643 3176 Indocili
664 3129 797 3175 numero
821 3128 892 3176 oum
915 3129 1019 3192 grave
1041 3109 1147 3175 mollit
1169 3127 1257 3191 opus.

462 3217 583 3282 Cantat
606 3220 641 3282 et
662 3216 806 3282 innitens
828 3215 962 3281 limosae
984 3233 1104 3296 pronus
1126 3217 1277 3296 harenae,

409 3405 412 3415 Ι
506 3324 654 3389 Adverso
677 3325 806 3388 tardam
830 3321 886 3402 qui
909 3321 1016 3386 trahit
1038 3339 1132 3387 amne
1153 3325 1273 3400 ratem3

464 3429 591 3512 Quique
614 3428 718 3495 refert
739 3429 866 3510 pariter
888 3427 994 3494 lentos
1018 3430 1060 3493 ad
1082 3432 1216 3510 pectora
1237 3442 1349 3505 remos

419 3565 446 3603 ιο
506 3536 545 3600 In
569 3554 737 3601 numerum
760 3534 854 3616 pulsa
877 3534 1032 3600 bracchia
1054 3534 1159 3599 iactat
1182 3550 1275 3612 aqua.

463 3642 584 3708 Fessus
606 3647 645 3710 ut
666 3642 816 3709 incubuit
837 3641 963 3724 baculo,
985 3659 1108 3708 saxove
1130 3638 1251 3705 resedit

508 3748 637 3833 Pastor,
661 3750 839 3826 arundineo
863 3748 1006 3813 carmine
1027 3746 1149 3812 mulcet
1171 3761 1256 3811 oves.

466 3856 638 3922 Cantantis
660 3857 795 3938 pariter,
818 3855 946 3935 pariter
968 3856 1047 3919 data
1069 3870 1171 3933 pensa
1194 3847 1357 3914 trahentis

385 4053 432 4111 lo.
468 4057 553 4125 sonet]
575 4055 708 4110 knistern.
1067 4051 1095 4104 6.
1130 4049 1249 4118 numero]
1267 4046 1437 4116 Rhythmus,
1455 4040 1533 4095 Lied.

385 4127 429 4180 17.
461 4123 806 4195 propriclausdriioklich,
819 4123 954 4177 verbinde
1070 4122 1095 4173 7.
1127 4119 1243 4188 monus]
1263 4118 1316 4170 den
1336 4111 1418 4184 Kopf
1433 4108 1559 4194 gemuit...

332 4199 383 4250 mit
406 4197 545 4250 notantia.
589 4195 665 4250 Uber
683 4196 737 4249 den
756 4194 780 4250 Ο
801 4191 954 4248 ferkuohen
1067 4189 1095 4244 8.
1131 4187 1245 4240 adverso
1269 4185 1356 4252 amne]
1383 4178 1614 4263 stromaufwarta3

333 4285 377 4320 am
396 4264 571 4337 Geburtstag
588 4264 643 4336 vgl.
662 4264 714 4319 No.
729 4212 800 4331 111
999 4255 1169 4329 eigentlich?
1192 4252 1447 4323 turdum]niehe1m
1455 4247 1615 4300 Deutechen

367 4331 431 4390 26.
468 4336 596 4405 amplias]
614 4335 686 4388 noch
705 4333 816 4388 einmul.
999 4346 1033 4382 uu
1051 4325 1146 4381 brabit.

384 4405 429 4461 28.
466 4401 957 4474 salaouomiue]dennfi1r0vidist
1052 4396 1097 4450 lo.
1133 4396 1315 4448 innumeram
1327 4387 1457 4469 broccbic
1472 4381 1567 4453 {aaut}
1585 4398 1615 4436 er

334 4492 363 4529 01
381 4474 487 4540 ἄξενος·
726 4477 727 4482 ’
1000 4468 1110 4536 bewegt
1127 4464 1172 4517 die
1189 4463 1275 4515 Arme
1292 4454 1476 4527 rhythmrech.

386 4547 439 4601 llo.
457 4546 502 4600 45.
538 4545 567 4601 3.
603 4544 689 4613 fonsa]
708 4544 810 4596 Ruhm.
1053 4536 1098 4589 13.
1129 4533 1228 4602 penso]
1253 4527 1329 4599 aigtl.
1354 4526 1399 4579 die
1423 4523 1477 4576 dan
1495 4518 1615 4572 Slrlaven

386 4616 415 4668 4·
452 4611 543 4686 1431146]
563 4639 598 4662 =
616 4630 733 4683 temper.
1002 4605 1042 4660 ale
1060 4603 1244 4673 Tageearbeit
1262 4607 1443 4666 mrgewogeue
1461 4587 1563 4642 Wolle.
