<?xml version="1.0" encoding="UTF-8"?>
<!DOCTYPE html PUBLIC "-//W3C//DTD XHTML 1.0 Transitional//EN"
    "http://www.w3.org/TR/xhtml1/DTD/xhtml1-transitional.dtd">
<html xmlns="http://www.w3.org/1999/xhtml" xml:lang="en" lang="en">
 <head>
  <title>
</title>
<meta http-equiv="Content-Type" content="text/html;charset=utf-8" />
  <meta name='ocr-system' content='tesseract 3.04.00' />
  <meta name='ocr-capabilities' content='ocr_page ocr_carea ocr_par ocr_line ocrx_word'/>
</head>
<body>
  <div class='ocr_page' id='page_1' title='image "./fastitristiaepi00ovidgoog_0139.png"; bbox 0 0 3716 5292; ppageno 0'>
   <div class='ocr_carea' id='block_1_1' title="bbox 850 459 1060 515">
    <p class='ocr_par' dir='ltr' id='par_1_1' title="bbox 850 459 1060 515">
     <span class='ocr_line' id='line_1_1' title="bbox 850 459 1060 515; baseline 0.01 -3"><span class='ocrx_word' id='word_1_1' title='bbox 850 459 968 515; x_wconf 87' lang='lat' dir='ltr'><strong>Zweiter</strong></span> <span class='ocrx_word' id='word_1_2' title='bbox 990 461 1060 515; x_wconf 83' lang='lat' dir='ltr'><strong>Tell.</strong></span> 
     </span>
    </p>
   </div>
   <div class='ocr_carea' id='block_1_2' title="bbox 397 623 1455 4002">
    <p class='ocr_par' dir='ltr' id='par_1_2' title="bbox 397 623 1455 4002">
     <span class='ocr_line' id='line_1_2' title="bbox 490 623 1267 706; baseline 0 -16"><span class='ocrx_word' id='word_1_3' title='bbox 490 624 632 704; x_wconf 82' lang='lat' dir='ltr'>Cumque</span> <span class='ocrx_word' id='word_1_4' title='bbox 655 643 724 690; x_wconf 89' lang='lat' dir='ltr'><strong>meo</strong></span> <span class='ocrx_word' id='word_1_5' title='bbox 747 623 818 690; x_wconf 82' lang='lat' dir='ltr'><strong>iata</strong></span> <span class='ocrx_word' id='word_1_6' title='bbox 843 629 963 704; x_wconf 89' lang='lat' dir='ltr'><strong>quarta</strong></span> <span class='ocrx_word' id='word_1_7' title='bbox 986 623 1111 706; x_wconf 82' lang='lat' dir='ltr'><strong>fatigat</strong></span> <span class='ocrx_word' id='word_1_8' title='bbox 1133 623 1267 706; x_wconf 84' lang='lat' dir='ltr'><strong>hiemps.</strong></span> 
     </span>
     <span class='ocr_line' id='line_1_3' title="bbox 444 729 1419 813; baseline 0.001 -18"><span class='ocrx_word' id='word_1_9' title='bbox 444 730 528 796; x_wconf 81' lang='lat' dir='ltr'><strong>Fine</strong></span> <span class='ocrx_word' id='word_1_10' title='bbox 551 736 665 796; x_wconf 85' lang='lat' dir='ltr'><strong>carent</strong></span> <span class='ocrx_word' id='word_1_11' title='bbox 688 730 851 812; x_wconf 78' lang='lat' dir='ltr'><strong>lacrimae,</strong></span> <span class='ocrx_word' id='word_1_12' title='bbox 873 729 937 795; x_wconf 89' lang='lat' dir='ltr'><strong>nisi</strong></span> <span class='ocrx_word' id='word_1_13' title='bbox 962 749 1033 795; x_wconf 91' lang='lat' dir='ltr'><strong>cum</strong></span> <span class='ocrx_word' id='word_1_14' title='bbox 1056 735 1170 812; x_wconf 85' lang='lat' dir='ltr'>stupor</span> <span class='ocrx_word' id='word_1_15' title='bbox 1192 730 1323 797; x_wconf 90' lang='lat' dir='ltr'><strong>obstitit</strong></span> <span class='ocrx_word' id='word_1_16' title='bbox 1345 731 1419 813; x_wconf 90' lang='lat' dir='ltr'><strong>illis,</strong></span> 
     </span>
     <span class='ocr_line' id='line_1_4' title="bbox 399 837 1216 918; baseline 0 -16"><span class='ocrx_word' id='word_1_17' title='bbox 399 863 427 902; x_wconf 84' lang='grc' dir='ltr'>ιο</span> <span class='ocrx_word' id='word_1_18' title='bbox 487 837 533 902; x_wconf 85' lang='lat' dir='ltr'><strong>Et</strong></span> <span class='ocrx_word' id='word_1_19' title='bbox 557 837 670 902; x_wconf 90' lang='lat' dir='ltr'><strong>similis</strong></span> <span class='ocrx_word' id='word_1_20' title='bbox 694 837 791 902; x_wconf 88' lang='lat' dir='ltr'><strong>morti</strong></span> <span class='ocrx_word' id='word_1_21' title='bbox 813 841 948 918; x_wconf 79' lang='lat' dir='ltr'><strong>pectora</strong></span> <span class='ocrx_word' id='word_1_22' title='bbox 971 841 1084 918; x_wconf 90' lang='lat' dir='ltr'><strong>torpor</strong></span> <span class='ocrx_word' id='word_1_23' title='bbox 1106 837 1216 904; x_wconf 89' lang='lat' dir='ltr'><strong>habet.</strong></span> 
     </span>
     <span class='ocr_line' id='line_1_5' title="bbox 444 942 1246 1026; baseline 0.001 -18"><span class='ocrx_word' id='word_1_24' title='bbox 444 943 587 1008; x_wconf 83' lang='lat' dir='ltr'>Felicem</span> <span class='ocrx_word' id='word_1_25' title='bbox 610 943 745 1025; x_wconf 85' lang='lat' dir='ltr'>Nioben,</span> <span class='ocrx_word' id='word_1_26' title='bbox 769 942 917 1022; x_wconf 88' lang='lat' dir='ltr'><strong>quamvis</strong></span> <span class='ocrx_word' id='word_1_27' title='bbox 940 947 991 1008; x_wconf 87' lang='lat' dir='ltr'><strong>tut</strong></span> <span class='ocrx_word' id='word_1_28' title='bbox 1013 943 1131 1009; x_wconf 82' lang='lat' dir='ltr'><strong>funera</strong></span> <span class='ocrx_word' id='word_1_29' title='bbox 1153 943 1246 1026; x_wconf 86' lang='lat' dir='ltr'><strong>vidit,</strong></span> 
     </span>
     <span class='ocr_line' id='line_1_6' title="bbox 489 1047 1232 1132; baseline 0 -18"><span class='ocrx_word' id='word_1_30' title='bbox 489 1047 581 1132; x_wconf 80' lang='lat' dir='ltr'><strong>Quae</strong></span> <span class='ocrx_word' id='word_1_31' title='bbox 603 1049 721 1130; x_wconf 63' lang='lat' dir='ltr'><strong>posuit⁴</strong></span> <span class='ocrx_word' id='word_1_32' title='bbox 734 1066 871 1131; x_wconf 87' lang='lat' dir='ltr'><strong>sensum,</strong></span> <span class='ocrx_word' id='word_1_33' title='bbox 894 1067 995 1114; x_wconf 85' lang='lat' dir='ltr'><strong>saxea</strong></span> <span class='ocrx_word' id='word_1_34' title='bbox 1017 1049 1118 1132; x_wconf 85' lang='lat' dir='ltr'><strong>iacta,</strong></span> <span class='ocrx_word' id='word_1_35' title='bbox 1141 1049 1232 1115; x_wconf 87' lang='lat' dir='ltr'><strong>mali!</strong></span> 
     </span>
     <span class='ocr_line' id='line_1_7' title="bbox 444 1154 1324 1238; baseline 0 -17"><span class='ocrx_word' id='word_1_36' title='bbox 444 1157 510 1221; x_wconf 87' lang='lat' dir='ltr'><strong>Vos</strong></span> <span class='ocrx_word' id='word_1_37' title='bbox 534 1174 660 1236; x_wconf 90' lang='lat' dir='ltr'><strong>quoque</strong></span> <span class='ocrx_word' id='word_1_38' title='bbox 682 1154 804 1238; x_wconf 82' lang='lat' dir='ltr'><strong>felices,</strong></span> <span class='ocrx_word' id='word_1_39' title='bbox 827 1174 964 1236; x_wconf 90' lang='lat' dir='ltr'><strong>quarum</strong></span> <span class='ocrx_word' id='word_1_40' title='bbox 987 1155 1165 1220; x_wconf 90' lang='lat' dir='ltr'><strong>clamantia</strong></span> <span class='ocrx_word' id='word_1_41' title='bbox 1187 1155 1324 1222; x_wconf 81' lang='lat' dir='ltr'><strong>fratrem</strong></span> 
     </span>
     <span class='ocr_line' id='line_1_8' title="bbox 489 1260 1125 1342; baseline -0.006 -12"><span class='ocrx_word' id='word_1_42' title='bbox 489 1262 616 1330; x_wconf 74' lang='lat' dir='ltr'><strong>Cortice</strong></span> <span class='ocrx_word' id='word_1_43' title='bbox 638 1260 765 1328; x_wconf 86' lang='lat' dir='ltr'><strong>velavit</strong></span> <span class='ocrx_word' id='word_1_44' title='bbox 788 1260 925 1342; x_wconf 89' lang='lat' dir='ltr'><strong>populus</strong></span> <span class='ocrx_word' id='word_1_45' title='bbox 948 1279 1006 1326; x_wconf 89' lang='lat' dir='ltr'><strong>ora</strong></span> <span class='ocrx_word' id='word_1_46' title='bbox 1032 1279 1125 1327; x_wconf 89' lang='lat' dir='ltr'><strong>novo.</strong></span> 
     </span>
     <span class='ocr_line' id='line_1_9' title="bbox 399 1367 1379 1450; baseline -0.001 -16"><span class='ocrx_word' id='word_1_47' title='bbox 399 1395 426 1434; x_wconf 74' lang='lat' dir='ltr'><strong>aa</strong></span> <span class='ocrx_word' id='word_1_48' title='bbox 442 1368 505 1433; x_wconf 88' lang='lat' dir='ltr'><strong>llle</strong></span> <span class='ocrx_word' id='word_1_49' title='bbox 528 1386 587 1449; x_wconf 89' lang='lat' dir='ltr'><strong>ego</strong></span> <span class='ocrx_word' id='word_1_50' title='bbox 611 1386 689 1450; x_wconf 87' lang='lat' dir='ltr'><strong>sum,</strong></span> <span class='ocrx_word' id='word_1_51' title='bbox 712 1367 837 1450; x_wconf 91' lang='lat' dir='ltr'><strong>lignum</strong></span> <span class='ocrx_word' id='word_1_52' title='bbox 860 1367 916 1446; x_wconf 91' lang='lat' dir='ltr'><strong>qni</strong></span> <span class='ocrx_word' id='word_1_53' title='bbox 939 1385 1003 1432; x_wconf 90' lang='lat' dir='ltr'><strong>non</strong></span> <span class='ocrx_word' id='word_1_54' title='bbox 1027 1368 1185 1433; x_wconf 91' lang='lat' dir='ltr'><strong>admittar</strong></span> <span class='ocrx_word' id='word_1_55' title='bbox 1207 1369 1242 1432; x_wconf 90' lang='lat' dir='ltr'><strong>in</strong></span> <span class='ocrx_word' id='word_1_56' title='bbox 1265 1368 1379 1433; x_wconf 92' lang='lat' dir='ltr'><strong>ullum:</strong></span> 
     </span>
     <span class='ocr_line' id='line_1_10' title="bbox 488 1473 1293 1562; baseline 0 -24"><span class='ocrx_word' id='word_1_57' title='bbox 488 1475 550 1538; x_wconf 84' lang='lat' dir='ltr'><strong>ille</strong></span> <span class='ocrx_word' id='word_1_58' title='bbox 573 1492 632 1556; x_wconf 91' lang='lat' dir='ltr'><strong>ego</strong></span> <span class='ocrx_word' id='word_1_59' title='bbox 656 1492 735 1556; x_wconf 91' lang='lat' dir='ltr'><strong>sum,</strong></span> <span class='ocrx_word' id='word_1_60' title='bbox 757 1474 883 1539; x_wconf 76' lang='lat' dir='ltr'><strong>frustra</strong></span> <span class='ocrx_word' id='word_1_61' title='bbox 907 1474 963 1553; x_wconf 91' lang='lat' dir='ltr'><strong>qui</strong></span> <span class='ocrx_word' id='word_1_62' title='bbox 985 1473 1070 1555; x_wconf 90' lang='lat' dir='ltr'><strong>lapis</strong></span> <span class='ocrx_word' id='word_1_63' title='bbox 1094 1492 1163 1562; x_wconf 89' lang='lat' dir='ltr'><strong>esse</strong></span> <span class='ocrx_word' id='word_1_64' title='bbox 1186 1473 1293 1539; x_wconf 86' lang='lat' dir='ltr'><strong>velim.</strong></span> 
     </span>
     <span class='ocr_line' id='line_1_11' title="bbox 442 1579 1317 1662; baseline 0 -18"><span class='ocrx_word' id='word_1_65' title='bbox 442 1581 520 1662; x_wconf 91' lang='lat' dir='ltr'><strong>Ipsa</strong></span> <span class='ocrx_word' id='word_1_66' title='bbox 543 1581 681 1647; x_wconf 85' lang='lat' dir='ltr'><strong>Medusa</strong></span> <span class='ocrx_word' id='word_1_67' title='bbox 704 1579 804 1645; x_wconf 88' lang='lat' dir='ltr'><strong>oculis</strong></span> <span class='ocrx_word' id='word_1_68' title='bbox 827 1580 941 1646; x_wconf 88' lang='lat' dir='ltr'><strong>veniat</strong></span> <span class='ocrx_word' id='word_1_69' title='bbox 964 1580 1043 1645; x_wconf 86' lang='lat' dir='ltr'><strong>licet</strong></span> <span class='ocrx_word' id='word_1_70' title='bbox 1066 1580 1166 1647; x_wconf 84' lang='lat' dir='ltr'><strong>obvia</strong></span> <span class='ocrx_word' id='word_1_71' title='bbox 1187 1580 1317 1662; x_wconf 78' lang='lat' dir='ltr'><strong>nostris,</strong></span> 
     </span>
     <span class='ocr_line' id='line_1_12' title="bbox 490 1687 1104 1767; baseline 0 -16"><span class='ocrx_word' id='word_1_72' title='bbox 490 1687 632 1752; x_wconf 88' lang='lat' dir='ltr'><strong>Amittet</strong></span> <span class='ocrx_word' id='word_1_73' title='bbox 654 1687 743 1753; x_wconf 89' lang='lat' dir='ltr'><strong>vires</strong></span> <span class='ocrx_word' id='word_1_74' title='bbox 766 1687 839 1767; x_wconf 88' lang='lat' dir='ltr'><strong>ipsa</strong></span> <span class='ocrx_word' id='word_1_75' title='bbox 862 1687 997 1752; x_wconf 83' lang='lat' dir='ltr'><strong>Medusa</strong></span> <span class='ocrx_word' id='word_1_76' title='bbox 1021 1705 1104 1752; x_wconf 88' lang='lat' dir='ltr'><strong>suas.</strong></span> 
     </span>
     <span class='ocr_line' id='line_1_13' title="bbox 444 1793 1315 1876; baseline -0.003 -17"><span class='ocrx_word' id='word_1_77' title='bbox 444 1793 601 1876; x_wconf 86' lang='lat' dir='ltr'><strong>Vivimus,</strong></span> <span class='ocrx_word' id='word_1_78' title='bbox 624 1798 663 1858; x_wconf 92' lang='lat' dir='ltr'><strong>ut</strong></span> <span class='ocrx_word' id='word_1_79' title='bbox 685 1811 859 1874; x_wconf 86' lang='lat' dir='ltr'><strong>numquam</strong></span> <span class='ocrx_word' id='word_1_80' title='bbox 883 1811 979 1858; x_wconf 90' lang='lat' dir='ltr'><strong>sensu</strong></span> <span class='ocrx_word' id='word_1_81' title='bbox 1003 1811 1172 1858; x_wconf 90' lang='lat' dir='ltr'><strong>careamus</strong></span> <span class='ocrx_word' id='word_1_82' title='bbox 1195 1810 1315 1874; x_wconf 88' lang='lat' dir='ltr'><strong>amaro,</strong></span> 
     </span>
     <span class='ocr_line' id='line_1_14' title="bbox 398 1899 1211 1982; baseline 0.004 -22"><span class='ocrx_word' id='word_1_83' title='bbox 398 1923 426 1960; x_wconf 83' lang='grc' dir='ltr'><strong>ιι</strong></span> <span class='ocrx_word' id='word_1_84' title='bbox 485 1899 533 1964; x_wconf 85' lang='lat' dir='ltr'><strong>Et</strong></span> <span class='ocrx_word' id='word_1_85' title='bbox 554 1900 689 1981; x_wconf 85' lang='lat' dir='ltr'><strong>gravior</strong></span> <span class='ocrx_word' id='word_1_86' title='bbox 710 1901 810 1982; x_wconf 89' lang='lat' dir='ltr'><strong>longa</strong></span> <span class='ocrx_word' id='word_1_87' title='bbox 831 1899 869 1964; x_wconf 89' lang='lat' dir='ltr'><strong>fit</strong></span> <span class='ocrx_word' id='word_1_88' title='bbox 892 1917 965 1965; x_wconf 90' lang='lat' dir='ltr'><strong>mea</strong></span> <span class='ocrx_word' id='word_1_89' title='bbox 986 1917 1091 1980; x_wconf 91' lang='lat' dir='ltr'><strong>poena</strong></span> <span class='ocrx_word' id='word_1_90' title='bbox 1113 1916 1211 1964; x_wconf 87' lang='lat' dir='ltr'><strong>mora.</strong></span> 
     </span>
     <span class='ocr_line' id='line_1_15' title="bbox 444 2004 1303 2087; baseline -0.002 -17"><span class='ocrx_word' id='word_1_91' title='bbox 444 2005 497 2070; x_wconf 85' lang='lat' dir='ltr'><strong>Sic</strong></span> <span class='ocrx_word' id='word_1_92' title='bbox 520 2007 779 2086; x_wconf 88' lang='lat' dir='ltr'><strong>inconsumptum</strong></span> <span class='ocrx_word' id='word_1_93' title='bbox 803 2004 895 2087; x_wconf 80' lang='lat' dir='ltr'><strong>Tityi</strong></span> <span class='ocrx_word' id='word_1_94' title='bbox 918 2023 1108 2085; x_wconf 89' lang='lat' dir='ltr'><strong>semperque</strong></span> <span class='ocrx_word' id='word_1_95' title='bbox 1130 2022 1303 2069; x_wconf 89' lang='lat' dir='ltr'><strong>renascens</strong></span> 
     </span>
     <span class='ocr_line' id='line_1_16' title="bbox 487 2111 1244 2194; baseline -0.001 -18"><span class='ocrx_word' id='word_1_96' title='bbox 487 2112 559 2177; x_wconf 90' lang='lat' dir='ltr'><strong>Non</strong></span> <span class='ocrx_word' id='word_1_97' title='bbox 582 2112 676 2194; x_wconf 89' lang='lat' dir='ltr'><strong>perit,</strong></span> <span class='ocrx_word' id='word_1_98' title='bbox 700 2117 738 2176; x_wconf 92' lang='lat' dir='ltr'><strong>ut</strong></span> <span class='ocrx_word' id='word_1_99' title='bbox 760 2111 863 2192; x_wconf 88' lang='lat' dir='ltr'><strong>possit</strong></span> <span class='ocrx_word' id='word_1_100' title='bbox 886 2128 984 2190; x_wconf 87' lang='lat' dir='ltr'><strong>saepe</strong></span> <span class='ocrx_word' id='word_1_101' title='bbox 1005 2111 1122 2193; x_wconf 89' lang='lat' dir='ltr'><strong>perire,</strong></span> <span class='ocrx_word' id='word_1_102' title='bbox 1145 2111 1244 2176; x_wconf 91' lang='lat' dir='ltr'><strong>iecur.</strong></span> 
     </span>
     <span class='ocr_line' id='line_1_17' title="bbox 443 2216 1378 2300; baseline -0.002 -18"><span class='ocrx_word' id='word_1_103' title='bbox 443 2219 498 2300; x_wconf 88' lang='lat' dir='ltr'><strong>At,</strong></span> <span class='ocrx_word' id='word_1_104' title='bbox 521 2222 608 2300; x_wconf 85' lang='lat' dir='ltr'><strong>pute,</strong></span> <span class='ocrx_word' id='word_1_105' title='bbox 632 2236 704 2282; x_wconf 91' lang='lat' dir='ltr'><strong>cum</strong></span> <span class='ocrx_word' id='word_1_106' title='bbox 727 2217 855 2297; x_wconf 86' lang='lat' dir='ltr'><strong>requies</strong></span> <span class='ocrx_word' id='word_1_107' title='bbox 878 2216 1102 2296; x_wconf 82' lang='lat' dir='ltr'><strong>medicinaque</strong></span> <span class='ocrx_word' id='word_1_108' title='bbox 1125 2216 1255 2298; x_wconf 88' lang='lat' dir='ltr'><strong>publica</strong></span> <span class='ocrx_word' id='word_1_109' title='bbox 1281 2233 1378 2281; x_wconf 87' lang='lat' dir='ltr'><strong>curae</strong></span> 
     </span>
     <span class='ocr_line' id='line_1_18' title="bbox 488 2321 1311 2406; baseline -0.002 -18"><span class='ocrx_word' id='word_1_110' title='bbox 488 2323 624 2388; x_wconf 85' lang='lat' dir='ltr'><strong>Somnus</strong></span> <span class='ocrx_word' id='word_1_111' title='bbox 647 2325 749 2406; x_wconf 89' lang='lat' dir='ltr'><strong>adest,</strong></span> <span class='ocrx_word' id='word_1_112' title='bbox 772 2323 878 2388; x_wconf 89' lang='lat' dir='ltr'><strong>solitis</strong></span> <span class='ocrx_word' id='word_1_113' title='bbox 901 2341 966 2388; x_wconf 84' lang='lat' dir='ltr'><strong>nox</strong></span> <span class='ocrx_word' id='word_1_114' title='bbox 988 2323 1081 2389; x_wconf 86' lang='lat' dir='ltr'><strong>venit</strong></span> <span class='ocrx_word' id='word_1_115' title='bbox 1104 2323 1185 2388; x_wconf 91' lang='lat' dir='ltr'><strong>orba</strong></span> <span class='ocrx_word' id='word_1_116' title='bbox 1206 2321 1311 2387; x_wconf 84' lang='lat' dir='ltr'><strong>malis</strong></span> 
     </span>
     <span class='ocr_line' id='line_1_19' title="bbox 397 2429 1230 2510; baseline -0.002 -16"><span class='ocrx_word' id='word_1_117' title='bbox 397 2457 425 2495; x_wconf 85' lang='lat'><strong>45</strong></span> <span class='ocrx_word' id='word_1_118' title='bbox 442 2430 573 2495; x_wconf 84' lang='lat' dir='ltr'><strong>Somnia</strong></span> <span class='ocrx_word' id='word_1_119' title='bbox 595 2448 646 2495; x_wconf 92' lang='lat' dir='ltr'><strong>me</strong></span> <span class='ocrx_word' id='word_1_120' title='bbox 669 2434 797 2495; x_wconf 89' lang='lat' dir='ltr'><strong>terrent</strong></span> <span class='ocrx_word' id='word_1_121' title='bbox 819 2447 914 2495; x_wconf 86' lang='lat' dir='ltr'><strong>veros</strong></span> <span class='ocrx_word' id='word_1_122' title='bbox 937 2429 1104 2494; x_wconf 80' lang='lat' dir='ltr'><strong>imitantia</strong></span> <span class='ocrx_word' id='word_1_123' title='bbox 1127 2446 1230 2510; x_wconf 88' lang='lat' dir='ltr'><strong>casus,</strong></span> 
     </span>
     <span class='ocr_line' id='line_1_20' title="bbox 486 2533 1221 2618; baseline -0.003 -18"><span class='ocrx_word' id='word_1_124' title='bbox 486 2535 533 2600; x_wconf 84' lang='lat' dir='ltr'><strong>Et</strong></span> <span class='ocrx_word' id='word_1_125' title='bbox 555 2535 698 2618; x_wconf 74' lang='lat' dir='ltr'><strong>vigilant</strong></span> <span class='ocrx_word' id='word_1_126' title='bbox 720 2554 833 2602; x_wconf 88' lang='lat' dir='ltr'><strong>sensus</strong></span> <span class='ocrx_word' id='word_1_127' title='bbox 856 2536 890 2601; x_wconf 92' lang='lat' dir='ltr'><strong>in</strong></span> <span class='ocrx_word' id='word_1_128' title='bbox 913 2555 986 2601; x_wconf 92' lang='lat' dir='ltr'><strong>mea</strong></span> <span class='ocrx_word' id='word_1_129' title='bbox 1009 2538 1127 2601; x_wconf 89' lang='lat' dir='ltr'><strong>damna</strong></span> <span class='ocrx_word' id='word_1_130' title='bbox 1150 2533 1221 2600; x_wconf 90' lang='lat' dir='ltr'><strong>mei.</strong></span> 
     </span>
     <span class='ocr_line' id='line_1_21' title="bbox 442 2641 1259 2724; baseline 0 -18"><span class='ocrx_word' id='word_1_131' title='bbox 442 2641 511 2707; x_wconf 75' lang='lat' dir='ltr'><strong>Ant</strong></span> <span class='ocrx_word' id='word_1_132' title='bbox 534 2661 593 2724; x_wconf 89' lang='lat' dir='ltr'><strong>ego</strong></span> <span class='ocrx_word' id='word_1_133' title='bbox 618 2643 817 2710; x_wconf 85' lang='lat' dir='ltr'><strong>Sarmaticas</strong></span> <span class='ocrx_word' id='word_1_134' title='bbox 842 2642 953 2708; x_wconf 88' lang='lat' dir='ltr'><strong>videor</strong></span> <span class='ocrx_word' id='word_1_135' title='bbox 975 2643 1086 2709; x_wconf 90' lang='lat' dir='ltr'><strong>vitare</strong></span> <span class='ocrx_word' id='word_1_136' title='bbox 1109 2642 1259 2724; x_wconf 81' lang='lat' dir='ltr'><strong>sagittae,</strong></span> 
     </span>
     <span class='ocr_line' id='line_1_22' title="bbox 488 2748 1274 2831; baseline -0.003 -18"><span class='ocrx_word' id='word_1_137' title='bbox 488 2751 556 2814; x_wconf 85' lang='lat' dir='ltr'><strong>Aut</strong></span> <span class='ocrx_word' id='word_1_138' title='bbox 580 2751 658 2815; x_wconf 89' lang='lat' dir='ltr'><strong>dare</strong></span> <span class='ocrx_word' id='word_1_139' title='bbox 681 2750 832 2831; x_wconf 87' lang='lat' dir='ltr'><strong>captivas</strong></span> <span class='ocrx_word' id='word_1_140' title='bbox 855 2751 898 2814; x_wconf 94' lang='lat' dir='ltr'><strong>ad</strong></span> <span class='ocrx_word' id='word_1_141' title='bbox 924 2748 996 2815; x_wconf 81' lang='lat' dir='ltr'><strong>iera</strong></span> <span class='ocrx_word' id='word_1_142' title='bbox 1018 2749 1129 2815; x_wconf 90' lang='lat' dir='ltr'><strong>vincla</strong></span> <span class='ocrx_word' id='word_1_143' title='bbox 1151 2765 1274 2812; x_wconf 92' lang='lat' dir='ltr'><strong>manus.</strong></span> 
     </span>
     <span class='ocr_line' id='line_1_23' title="bbox 443 2854 1220 2938; baseline -0.001 -19"><span class='ocrx_word' id='word_1_144' title='bbox 443 2856 512 2920; x_wconf 86' lang='lat' dir='ltr'><strong>Aut</strong></span> <span class='ocrx_word' id='word_1_145' title='bbox 535 2856 592 2921; x_wconf 92' lang='lat' dir='ltr'><strong>ubi</strong></span> <span class='ocrx_word' id='word_1_146' title='bbox 615 2855 757 2937; x_wconf 88' lang='lat' dir='ltr'><strong>decipior</strong></span> <span class='ocrx_word' id='word_1_147' title='bbox 780 2854 920 2921; x_wconf 91' lang='lat' dir='ltr'><strong>melioris</strong></span> <span class='ocrx_word' id='word_1_148' title='bbox 942 2855 1086 2938; x_wconf 83' lang='lat' dir='ltr'><strong>imagine</strong></span> <span class='ocrx_word' id='word_1_149' title='bbox 1108 2854 1220 2936; x_wconf 85' lang='lat' dir='ltr'><strong>somni,</strong></span> 
     </span>
     <span class='ocr_line' id='line_1_24' title="bbox 398 2962 1144 3043; baseline 0 -19"><span class='ocrx_word' id='word_1_150' title='bbox 398 2984 425 3024; x_wconf 79' lang='grc' dir='ltr'>ιο</span> <span class='ocrx_word' id='word_1_151' title='bbox 486 2963 617 3042; x_wconf 88' lang='lat' dir='ltr'><strong>Aspiciu</strong></span> <span class='ocrx_word' id='word_1_152' title='bbox 640 2963 770 3043; x_wconf 85' lang='lat' dir='ltr'><strong>patriae</strong></span> <span class='ocrx_word' id='word_1_153' title='bbox 793 2967 883 3027; x_wconf 86' lang='lat' dir='ltr'><strong>tecta</strong></span> <span class='ocrx_word' id='word_1_154' title='bbox 905 2962 1022 3026; x_wconf 90' lang='lat' dir='ltr'><strong>relicta</strong></span> <span class='ocrx_word' id='word_1_155' title='bbox 1043 2979 1144 3025; x_wconf 88' lang='lat' dir='ltr'><strong>meae.</strong></span> 
     </span>
     <span class='ocr_line' id='line_1_25' title="bbox 442 3065 1335 3149; baseline -0.003 -17"><span class='ocrx_word' id='word_1_156' title='bbox 442 3069 489 3132; x_wconf 85' lang='lat' dir='ltr'><strong>Et</strong></span> <span class='ocrx_word' id='word_1_157' title='bbox 512 3070 604 3134; x_wconf 90' lang='lat' dir='ltr'><strong>modo</strong></span> <span class='ocrx_word' id='word_1_158' title='bbox 627 3068 802 3149; x_wconf 89' lang='lat' dir='ltr'><strong>vobiscum,</strong></span> <span class='ocrx_word' id='word_1_159' title='bbox 826 3086 905 3147; x_wconf 88' lang='lat' dir='ltr'><strong>quus</strong></span> <span class='ocrx_word' id='word_1_160' title='bbox 928 3085 998 3131; x_wconf 92' lang='lat' dir='ltr'><strong>sum</strong></span> <span class='ocrx_word' id='word_1_161' title='bbox 1021 3071 1206 3147; x_wconf 88' lang='lat' dir='ltr'><strong>veneratus,</strong></span> <span class='ocrx_word' id='word_1_162' title='bbox 1231 3065 1335 3146; x_wconf 89' lang='lat' dir='ltr'><strong>amici,</strong></span> 
     </span>
     <span class='ocr_line' id='line_1_26' title="bbox 487 3173 1276 3255; baseline -0.003 -16"><span class='ocrx_word' id='word_1_163' title='bbox 487 3175 533 3238; x_wconf 84' lang='lat' dir='ltr'><strong>Et</strong></span> <span class='ocrx_word' id='word_1_164' title='bbox 556 3176 648 3239; x_wconf 88' lang='lat' dir='ltr'><strong>modo</strong></span> <span class='ocrx_word' id='word_1_165' title='bbox 672 3192 743 3238; x_wconf 90' lang='lat' dir='ltr'><strong>curn</strong></span> <span class='ocrx_word' id='word_1_166' title='bbox 768 3191 846 3238; x_wconf 88' lang='lat' dir='ltr'><strong>cara</strong></span> <span class='ocrx_word' id='word_1_167' title='bbox 869 3173 1005 3255; x_wconf 89' lang='lat' dir='ltr'><strong>coniuge</strong></span> <span class='ocrx_word' id='word_1_168' title='bbox 1027 3173 1132 3238; x_wconf 91' lang='lat' dir='ltr'><strong>multa</strong></span> <span class='ocrx_word' id='word_1_169' title='bbox 1154 3173 1276 3253; x_wconf 89' lang='lat' dir='ltr'><strong>loquor.</strong></span> 
     </span>
     <span class='ocr_line' id='line_1_27' title="bbox 442 3279 1392 3362; baseline -0.002 -16"><span class='ocrx_word' id='word_1_170' title='bbox 442 3280 496 3346; x_wconf 84' lang='lat' dir='ltr'><strong>Sic</strong></span> <span class='ocrx_word' id='word_1_171' title='bbox 519 3281 576 3345; x_wconf 94' lang='lat' dir='ltr'><strong>ubi</strong></span> <span class='ocrx_word' id='word_1_172' title='bbox 598 3284 754 3362; x_wconf 88' lang='lat' dir='ltr'><strong>percepta</strong></span> <span class='ocrx_word' id='word_1_173' title='bbox 777 3285 827 3345; x_wconf 88' lang='lat' dir='ltr'><strong>est</strong></span> <span class='ocrx_word' id='word_1_174' title='bbox 849 3279 960 3345; x_wconf 89' lang='lat' dir='ltr'><strong>brevis</strong></span> <span class='ocrx_word' id='word_1_175' title='bbox 984 3284 1018 3344; x_wconf 91' lang='lat' dir='ltr'><strong>et</strong></span> <span class='ocrx_word' id='word_1_176' title='bbox 1040 3298 1104 3345; x_wconf 91' lang='lat' dir='ltr'><strong>non</strong></span> <span class='ocrx_word' id='word_1_177' title='bbox 1129 3297 1208 3345; x_wconf 88' lang='lat' dir='ltr'><strong>vera</strong></span> <span class='ocrx_word' id='word_1_178' title='bbox 1230 3280 1392 3361; x_wconf 87' lang='lat' dir='ltr'><strong>voluptas,</strong></span> 
     </span>
     <span class='ocr_line' id='line_1_28' title="bbox 487 3386 1229 3452; baseline -0.003 0"><span class='ocrx_word' id='word_1_179' title='bbox 487 3387 584 3452; x_wconf 87' lang='lat' dir='ltr'><strong>Peior</strong></span> <span class='ocrx_word' id='word_1_180' title='bbox 607 3387 649 3452; x_wconf 89' lang='lat' dir='ltr'><strong>ab</strong></span> <span class='ocrx_word' id='word_1_181' title='bbox 673 3387 840 3452; x_wconf 89' lang='lat' dir='ltr'><strong>admonitu</strong></span> <span class='ocrx_word' id='word_1_182' title='bbox 866 3386 905 3451; x_wconf 88' lang='lat' dir='ltr'><strong>fit</strong></span> <span class='ocrx_word' id='word_1_183' title='bbox 927 3390 1035 3452; x_wconf 87' lang='lat' dir='ltr'><strong>status</strong></span> <span class='ocrx_word' id='word_1_184' title='bbox 1058 3386 1123 3451; x_wconf 90' lang='lat' dir='ltr'><strong>iste</strong></span> <span class='ocrx_word' id='word_1_185' title='bbox 1144 3386 1229 3451; x_wconf 90' lang='lat' dir='ltr'><strong>boni.</strong></span> 
     </span>
     <span class='ocr_line' id='line_1_29' title="bbox 397 3492 1287 3576; baseline -0.002 -18"><span class='ocrx_word' id='word_1_186' title='bbox 397 3518 425 3558; x_wconf 81' lang='grc' dir='ltr'><strong>ιι</strong></span> <span class='ocrx_word' id='word_1_187' title='bbox 441 3492 518 3559; x_wconf 83' lang='lat' dir='ltr'><strong>Sive</strong></span> <span class='ocrx_word' id='word_1_188' title='bbox 542 3493 610 3558; x_wconf 89' lang='lat' dir='ltr'><strong>dies</strong></span> <span class='ocrx_word' id='word_1_189' title='bbox 633 3493 737 3576; x_wconf 87' lang='lat' dir='ltr'><strong>igitur</strong></span> <span class='ocrx_word' id='word_1_190' title='bbox 759 3498 858 3574; x_wconf 91' lang='lat' dir='ltr'><strong>caput</strong></span> <span class='ocrx_word' id='word_1_191' title='bbox 881 3495 942 3558; x_wconf 87' lang='lat' dir='ltr'><strong>hoc</strong></span> <span class='ocrx_word' id='word_1_192' title='bbox 964 3492 1151 3558; x_wconf 88' lang='lat' dir='ltr'><strong>miserabile</strong></span> <span class='ocrx_word' id='word_1_193' title='bbox 1174 3493 1287 3574; x_wconf 88' lang='lat' dir='ltr'><strong>cernit,</strong></span> 
     </span>
     <span class='ocr_line' id='line_1_30' title="bbox 487 3599 1142 3682; baseline -0.002 -18"><span class='ocrx_word' id='word_1_194' title='bbox 487 3599 564 3665; x_wconf 86' lang='lat' dir='ltr'><strong>Sive</strong></span> <span class='ocrx_word' id='word_1_195' title='bbox 587 3600 732 3681; x_wconf 87' lang='lat' dir='ltr'><strong>pruinosi</strong></span> <span class='ocrx_word' id='word_1_196' title='bbox 754 3600 867 3665; x_wconf 86' lang='lat' dir='ltr'><strong>Noctis</strong></span> <span class='ocrx_word' id='word_1_197' title='bbox 891 3604 1035 3682; x_wconf 88' lang='lat' dir='ltr'><strong>aguntur</strong></span> <span class='ocrx_word' id='word_1_198' title='bbox 1058 3599 1142 3680; x_wconf 90' lang='lat' dir='ltr'><strong>equi,</strong></span> 
     </span>
     <span class='ocr_line' id='line_1_31' title="bbox 442 3704 1249 3788; baseline -0.004 -17"><span class='ocrx_word' id='word_1_199' title='bbox 442 3705 496 3772; x_wconf 86' lang='lat' dir='ltr'><strong>Sic</strong></span> <span class='ocrx_word' id='word_1_200' title='bbox 519 3724 591 3771; x_wconf 92' lang='lat' dir='ltr'><strong>mea</strong></span> <span class='ocrx_word' id='word_1_201' title='bbox 614 3707 780 3788; x_wconf 89' lang='lat' dir='ltr'><strong>perpetuis</strong></span> <span class='ocrx_word' id='word_1_202' title='bbox 803 3706 975 3787; x_wconf 88' lang='lat' dir='ltr'><strong>liquefiunt</strong></span> <span class='ocrx_word' id='word_1_203' title='bbox 997 3709 1132 3786; x_wconf 89' lang='lat' dir='ltr'><strong>pectora</strong></span> <span class='ocrx_word' id='word_1_204' title='bbox 1155 3704 1249 3786; x_wconf 87' lang='lat' dir='ltr'><strong>curis,</strong></span> 
     </span>
     <span class='ocr_line' id='line_1_32' title="bbox 486 3812 1167 3895; baseline -0.001 -19"><span class='ocrx_word' id='word_1_205' title='bbox 486 3812 622 3895; x_wconf 84' lang='lat' dir='ltr'><strong>Ignibus</strong></span> <span class='ocrx_word' id='word_1_206' title='bbox 646 3813 784 3878; x_wconf 89' lang='lat' dir='ltr'><strong>admotis</strong></span> <span class='ocrx_word' id='word_1_207' title='bbox 807 3819 845 3877; x_wconf 91' lang='lat' dir='ltr'><strong>ut</strong></span> <span class='ocrx_word' id='word_1_208' title='bbox 868 3831 955 3878; x_wconf 91' lang='lat' dir='ltr'><strong>nova</strong></span> <span class='ocrx_word' id='word_1_209' title='bbox 978 3831 1054 3877; x_wconf 87' lang='lat' dir='ltr'><strong>cera</strong></span> <span class='ocrx_word' id='word_1_210' title='bbox 1077 3813 1167 3878; x_wconf 89' lang='lat' dir='ltr'><strong>solet.</strong></span> 
     </span>
     <span class='ocr_line' id='line_1_33' title="bbox 440 3917 1455 4002; baseline -0.002 -17"><span class='ocrx_word' id='word_1_211' title='bbox 440 3919 545 4001; x_wconf 85' lang='lat' dir='ltr'><strong>Saepe</strong></span> <span class='ocrx_word' id='word_1_212' title='bbox 567 3937 682 4000; x_wconf 88' lang='lat' dir='ltr'><strong>precor</strong></span> <span class='ocrx_word' id='word_1_213' title='bbox 707 3923 852 4002; x_wconf 83' lang='lat' dir='ltr'><strong>muntem,</strong></span> <span class='ocrx_word' id='word_1_214' title='bbox 876 3923 1012 3984; x_wconf 87' lang='lat' dir='ltr'><strong>mortem</strong></span> <span class='ocrx_word' id='word_1_215' title='bbox 1035 3935 1161 3999; x_wconf 88' lang='lat' dir='ltr'><strong>quoque</strong></span> <span class='ocrx_word' id='word_1_216' title='bbox 1185 3919 1339 3998; x_wconf 86' lang='lat' dir='ltr'><strong>deprecor</strong></span> <span class='ocrx_word' id='word_1_217' title='bbox 1361 3917 1455 4001; x_wconf 91' lang='lat' dir='ltr'><strong>idem,</strong></span> 
     </span>
    </p>
   </div>
   <div class='ocr_carea' id='block_1_3' title="bbox 459 4161 1402 4233">
    <p class='ocr_par' dir='ltr' id='par_1_3' title="bbox 459 4161 1402 4233">
     <span class='ocr_line' id='line_1_34' title="bbox 459 4161 1402 4233; baseline 0.002 -19"><span class='ocrx_word' id='word_1_218' title='bbox 459 4163 541 4231; x_wconf 76' lang='lat' dir='ltr'><strong>osuit]</strong></span> <span class='ocrx_word' id='word_1_219' title='bbox 561 4163 626 4216; x_wconf 89' lang='lat' dir='ltr'><strong>able</strong></span> <span class='ocrx_word' id='word_1_220' title='bbox 678 4162 802 4228; x_wconf 74' lang='lat' dir='ltr'><strong>„verlor</strong></span> <span class='ocrx_word' id='word_1_221' title='bbox 1026 4161 1402 4233; x_wconf 75' lang='lat' dir='ltr'><strong>ss.pucuca]]e11gemein.</strong></span> 
     </span>
    </p>
   </div>
   <div class='ocr_carea' id='block_1_4' title="bbox 305 4230 1533 4384">
    <p class='ocr_par' dir='ltr' id='par_1_4' title="bbox 305 4230 1533 4373">
     <span class='ocr_line' id='line_1_35' title="bbox 358 4230 1533 4326; baseline -0.001 -15"><span class='ocrx_word' id='word_1_222' title='bbox 358 4231 403 4287; x_wconf 72' lang='lat'><strong>33·</strong></span> <span class='ocrx_word' id='word_1_223' title='bbox 468 4234 629 4285; x_wconf 62' lang='lat' dir='ltr'><strong>ememtn</strong></span> <span class='ocrx_word' id='word_1_224' title='bbox 589 4249 629 4284; x_wconf 84' lang='lat'>⁸¹¹¹</span> <span class='ocrx_word' id='word_1_225' title='bbox 662 4230 866 4297; x_wconf 58' lang='lat' dir='ltr'><strong>‘heflelistden</strong></span> <span class='ocrx_word' id='word_1_226' title='bbox 885 4232 930 4284; x_wconf 68' lang='lat' dir='ltr'><strong>die</strong></span> <span class='ocrx_word' id='word_1_227' title='bbox 1026 4257 1071 4312; x_wconf 94' lang='grc'><strong>47.</strong></span> <span class='ocrx_word' id='word_1_228' title='bbox 1107 4257 1206 4326; x_wconf 81' lang='lat' dir='ltr'><strong>uitare]</strong></span> <span class='ocrx_word' id='word_1_229' title='bbox 1223 4255 1347 4312; x_wconf 79' lang='lat' dir='ltr'><strong>fldehten</strong></span> <span class='ocrx_word' id='word_1_230' title='bbox 1365 4275 1400 4311; x_wconf 80' lang='lat' dir='ltr'><strong>au</strong></span> <span class='ocrx_word' id='word_1_231' title='bbox 1417 4259 1533 4312; x_wconf 84' lang='lat' dir='ltr'><strong>miissen.</strong></span> 
     </span>
     <span class='ocr_line' id='line_1_36' title="bbox 305 4300 931 4384; baseline 0.002 -32"><span class='ocrx_word' id='word_1_232' title='bbox 305 4301 335 4352; x_wconf 92' lang='lat' dir='ltr'><strong>in</strong></span> <span class='ocrx_word' id='word_1_233' title='bbox 359 4301 436 4355; x_wconf 87' lang='lat' dir='ltr'><strong>ihrer</strong></span> <span class='ocrx_word' id='word_1_234' title='bbox 460 4301 644 4384; x_wconf 70' lang='lat' dir='ltr'><strong>beatdndigen</strong></span> <span class='ocrx_word' id='word_1_235' title='bbox 664 4300 756 4372; x_wconf 85' lang='lat' dir='ltr'><strong>Klage</strong></span> <span class='ocrx_word' id='word_1_236' title='bbox 779 4319 826 4354; x_wconf 90' lang='lat' dir='ltr'><strong>um</strong></span> <span class='ocrx_word' id='word_1_237' title='bbox 850 4301 931 4354; x_wconf 89' lang='lat' dir='ltr'><strong>ihren</strong></span> 
     </span>
    </p>
   </div>
   <div class='ocr_carea' id='block_1_5' title="bbox 306 4351 1595 4580">
    <p class='ocr_par' dir='ltr' id='par_1_5' title="bbox 306 4351 1595 4580">
     <span class='ocr_line' id='line_1_37' title="bbox 307 4351 1595 4439; baseline -0.008 -17"><span class='ocrx_word' id='word_1_238' title='bbox 307 4369 415 4424; x_wconf 90' lang='lat' dir='ltr'><strong>Bruder</strong></span> <span class='ocrx_word' id='word_1_239' title='bbox 424 4369 591 4424; x_wconf 89' lang='lat' dir='ltr'><strong>Phaethon</strong></span> <span class='ocrx_word' id='word_1_240' title='bbox 582 4389 612 4424; x_wconf 91' lang='grc' dir='ltr'><strong>ιιι</strong></span> <span class='ocrx_word' id='word_1_241' title='bbox 621 4370 751 4439; x_wconf 85' lang='lat' dir='ltr'><strong>Pappeln</strong></span> <span class='ocrx_word' id='word_1_242' title='bbox 760 4369 931 4424; x_wconf 83' lang='lat' dir='ltr'><strong>verwandelt</strong></span> <span class='ocrx_word' id='word_1_243' title='bbox 1026 4351 1075 4408; x_wconf 73' lang='lat'><strong>53·</strong></span> <span class='ocrx_word' id='word_1_244' title='bbox 1107 4357 1240 4424; x_wconf 64' lang='grc'><strong>7444441444</strong></span> <span class='ocrx_word' id='word_1_245' title='bbox 1270 4353 1318 4423; x_wconf 70' lang='grc'><strong>484]</strong></span> <span class='ocrx_word' id='word_1_246' title='bbox 1350 4353 1397 4406; x_wconf 65' lang='lat' dir='ltr'><strong>ich</strong></span> <span class='ocrx_word' id='word_1_247' title='bbox 1428 4351 1595 4423; x_wconf 72' lang='lat' dir='ltr'><strong>empfunden</strong></span> 
     </span>
     <span class='ocr_line' id='line_1_38' title="bbox 306 4423 1057 4509; baseline -0.005 -16"><span class='ocrx_word' id='word_1_248' title='bbox 306 4441 419 4494; x_wconf 83' lang='lat' dir='ltr'><strong>wardan</strong></span> <span class='ocrx_word' id='word_1_249' title='bbox 439 4441 562 4508; x_wconf 89' lang='lat' dir='ltr'><strong>(metam.</strong></span> <span class='ocrx_word' id='word_1_250' title='bbox 581 4441 785 4509; x_wconf 81' lang='lat'><strong>11325-366)</strong></span> <span class='ocrx_word' id='word_1_251' title='bbox 974 4423 1057 4477; x_wconf 58' lang='lat' dir='ltr'><strong>habe·</strong></span> 
     </span>
     <span class='ocr_line' id='line_1_39' title="bbox 358 4509 1327 4580; baseline -0.002 -16"><span class='ocrx_word' id='word_1_252' title='bbox 358 4509 404 4566; x_wconf 79' lang='grc'><strong>39.</strong></span> <span class='ocrx_word' id='word_1_253' title='bbox 439 4526 522 4564; x_wconf 75' lang='lat' dir='ltr'><strong>sema</strong></span> <span class='ocrx_word' id='word_1_254' title='bbox 540 4526 637 4566; x_wconf 79' lang='lat' dir='ltr'><strong>amaro</strong></span> <span class='ocrx_word' id='word_1_255' title='bbox 672 4511 718 4563; x_wconf 87' lang='lat' dir='ltr'><strong>die</strong></span> <span class='ocrx_word' id='word_1_256' title='bbox 742 4509 932 4580; x_wconf 85' lang='lat' dir='ltr'><strong>Empfindung</strong></span> <span class='ocrx_word' id='word_1_257' title='bbox 1027 4510 1073 4564; x_wconf 78' lang='lat'><strong>57.</strong></span> <span class='ocrx_word' id='word_1_258' title='bbox 1109 4510 1228 4579; x_wconf 74' lang='lat' dir='ltr'><strong>pectora]</strong></span> <span class='ocrx_word' id='word_1_259' title='bbox 1246 4509 1327 4564; x_wconf 86' lang='lat' dir='ltr'><strong>Herz.</strong></span> 
     </span>
    </p>
   </div>
   <div class='ocr_carea' id='block_1_6' title="bbox 306 4511 693 4636">
    <p class='ocr_par' dir='ltr' id='par_1_6' title="bbox 306 4511 693 4636">
     <span class='ocr_line' id='line_1_40' title="bbox 306 4511 693 4636; baseline 0.006 -4"><span class='ocrx_word' id='word_1_260' title='bbox 306 4579 354 4633; x_wconf 86' lang='lat' dir='ltr'><strong>des</strong></span> <span class='ocrx_word' id='word_1_261' title='bbox 372 4579 493 4634; x_wconf 87' lang='lat' dir='ltr'><strong>bitteren</strong></span> <span class='ocrx_word' id='word_1_262' title='bbox 512 4511 693 4636; x_wconf 38' lang='lat' dir='ltr'><strong>Geschicies.</strong></span> 
     </span>
    </p>
   </div>
   <div class='ocr_carea' id='block_1_7' title="bbox 0 0 1887 5292">
    <p class='ocr_par' dir='ltr' id='par_1_7' title="bbox 0 0 1887 5292">
     <span class='ocr_line' id='line_1_41' title="bbox 0 0 1887 5292; baseline 0 0"><span class='ocrx_word' id='word_1_263' title='bbox 0 0 1887 5292; x_wconf 95' lang='lat' dir='ltr'><strong> </strong></span> 
     </span>
    </p>
   </div>
  </div>
 </body>
</html>
