3716 5292
748 487 1022 556 mmmmm

331 690 359 730 ro
418 664 549 745 Vixque
570 663 621 728 sui
643 663 752 728 tutum
774 663 900 730 viribus
923 675 994 728 esse
1016 663 1092 729 loci!

375 770 504 852 Aspera
524 769 663 835 militiae
685 769 814 836 iuvenis
837 769 1019 834 certamina
1041 768 1121 852 iugi,

419 877 488 942 Nec
509 876 574 942 nisi
596 875 709 942 lusura
732 875 890 943 movimus
913 883 1005 940 arma
1028 883 1138 956 manu3

375 982 470 1048 Nunc
492 982 600 1049 senior
621 981 795 1064 gladioque
817 981 906 1048 latus
928 986 1086 1062 scutoque
1108 981 1285 1064 sinistram,

420 1088 581 1155 Canitiem
604 1089 719 1170 galeae
741 1087 929 1168 subicioque
951 1105 1064 1152 meam.

330 1219 358 1260 aa
373 1195 457 1261 Nam
481 1195 571 1261 dedit
594 1213 613 1260 e
634 1194 767 1275 specula
789 1199 897 1260 custos
920 1193 978 1259 ubi
1000 1194 1095 1276 signa
1117 1194 1286 1272 tumultus,

418 1300 588 1367 Induimus
610 1301 740 1382 trepida
761 1300 911 1382 protinus
934 1319 1027 1366 arma
1048 1319 1155 1367 mauu.

374 1406 497 1491 Hostis,
519 1407 645 1473 habens
667 1425 763 1473 arcus
785 1408 976 1487 imbutaque
998 1407 1068 1472 tela
1090 1408 1233 1490 venenis,

419 1513 545 1580 Saevus
568 1513 738 1580 anhelanti
759 1513 887 1580 moenia
909 1513 1033 1579 lustrat
1055 1531 1151 1595 equo,

375 1619 485 1700 thue
508 1639 612 1701 rapax
634 1621 798 1703 pecudem,
822 1637 906 1700 quae
928 1637 964 1684 se
986 1637 1050 1685 non
1073 1619 1160 1684 texit
1183 1619 1270 1700 ovili,

330 1750 359 1790 ao
418 1727 484 1792 Per
506 1730 588 1810 sata,
610 1745 670 1808 per
692 1726 794 1793 silvas
817 1724 948 1805 fertque
970 1725 1141 1806 trahitque
1162 1725 1270 1806 lupus:

374 1832 437 1916 Sic,
460 1833 585 1913 siquem
606 1834 747 1899 nondum
769 1835 937 1914 portarum
960 1849 1059 1912 saepe
1081 1835 1248 1912 receptum

419 1938 587 2005 Barbarus
610 1939 644 2005 in
668 1939 791 2020 campis
812 1938 960 2018 repperit
982 1938 1096 2020 hostia,
1119 1938 1233 2003 habet:

375 2045 445 2111 hut
467 2046 616 2127 sequitur
639 2049 754 2126 captus
777 2044 989 2124 coniectaque
1012 2045 1145 2110 vincula
1167 2044 1248 2110 collo

420 2151 559 2236 Accipit,
582 2155 641 2217 aut
664 2153 729 2218 telo
753 2152 844 2218 virus
866 2152 1010 2218 habente
1032 2151 1128 2233 perit.

330 2281 359 2321 aa
373 2257 438 2323 Hic
461 2277 521 2341 ego
544 2259 706 2325 sollicitae
727 2259 815 2326 lateo
838 2277 942 2325 novus
964 2259 1073 2325 incola
1095 2258 1192 2323 sedis:

420 2365 494 2432 Heu
516 2365 651 2431 nimium
674 2364 738 2430 rati
760 2368 909 2446 tempora
931 2365 1024 2431 lenta
1046 2365 1121 2430 mei!

374 2472 422 2537 Et
444 2476 555 2537 tamen
578 2472 620 2536 ad
642 2470 793 2536 humeros
816 2471 1018 2551 antiquaque
1041 2489 1136 2536 sacra
1158 2469 1283 2536 reverti

420 2577 567 2644 Sustinet
589 2577 624 2641 in
647 2575 752 2641 tantis
775 2575 907 2657 hospita
928 2577 1026 2643 Musa
1048 2577 1154 2642 malis!

375 2683 440 2749 Sed
461 2702 575 2766 neque,
599 2673 652 2749 cui
674 2683 818 2764 recitem,
842 2683 1013 2763 quisquam
1036 2687 1095 2766 est,
1118 2701 1191 2747 mea
1214 2681 1368 2763 carmina,
1390 2699 1450 2746 nec
1474 2681 1529 2761 qui

329 2815 358 2855 oo
417 2790 561 2856 Auribus
584 2789 726 2871 accipiat
749 2791 853 2857 verba
875 2789 1000 2855 Latina
1022 2788 1097 2855 suis.

376 2896 451 2978 Ipse
472 2896 553 2962 mihi
574 2933 620 2942 —
642 2895 721 2976 quid
743 2895 829 2961 enim
851 2895 993 2961 faciam?
1015 2932 1061 2941 -
1082 2895 1253 2975 scriboque
1274 2895 1420 2977 legoque,

421 3003 572 3083 Tutaque
593 3002 714 3069 iudicio
736 3002 851 3068 littera
874 3006 987 3068 nostra
1010 3020 1067 3068 suo
1091 3007 1150 3068 est.

376 3109 481 3190 Saepe
502 3115 613 3175 manen
637 3109 706 3174 dixi
728 3109 797 3175 ‘Curi
819 3127 905 3174 nunc
927 3111 1009 3174 haec
1031 3128 1110 3175 cura
1132 3107 1283 3174 laborat?

421 3216 474 3281 An
496 3234 569 3281 mea
591 3214 806 3282 Sauromatae
829 3216 954 3296 scripta
977 3215 1147 3297 Getaeque
1168 3214 1310 3298 legent?’

331 3348 359 3389 oa
375 3321 479 3403 Saepe
502 3323 603 3388 etiarn
625 3322 780 3387 lacrimae
802 3340 854 3386 me
876 3327 955 3387 sunt
977 3322 1141 3387 scribente
1163 3321 1323 3403 profusae,

421 3428 602 3510 Umidaque
626 3431 677 3494 est
699 3427 780 3493 fletu
801 3423 918 3493 littera
939 3427 1031 3493 iacta
1053 3446 1132 3494 meo.

375 3535 501 3616 Corque
523 3538 658 3601 vetusta
681 3551 796 3617 meum,
819 3539 986 3616 tamquam
1009 3552 1105 3618 nova,
1128 3535 1266 3601 vulnera
1289 3534 1390 3616 novit,

419 3643 523 3724 Inque
545 3642 650 3707 sinum
673 3646 819 3706 maestae
841 3640 967 3707 labitur
989 3642 1093 3708 imber
1116 3658 1229 3722 aquae,

375 3749 456 3815 Cum
477 3749 550 3816 vice
573 3751 703 3814 mutata
726 3747 783 3827 qui
805 3748 866 3812 sim
888 3747 1079 3830 fuerimque,
1102 3748 1262 3829 recordor,

315 3882 358 3922 100
418 3855 474 3939 Et,
496 3854 613 3920 tulerit
635 3873 697 3934 quo
721 3871 772 3918 me
796 3870 890 3919 casus
913 3858 947 3918 et
970 3856 1063 3938 unde,
1087 3853 1185 3920 subit.

277 4035 281 4042 ,
375 3961 480 4043 Saepe
502 3978 616 4026 manus
639 3962 778 4042 demens,
802 3960 919 4025 studiis
942 3960 1030 4030 irata
1053 3959 1188 4043 sibique,

420 4068 512 4134 Misit
534 4067 569 4132 in
592 4083 723 4132 arsuros
746 4065 891 4131 carmina
912 4071 1027 4132 nostra
1049 4085 1153 4149 rogos

295 4347 340 4402 tn.
377 4345 406 4399 Z.
419 4344 452 4399 B.
472 4343 597 4399 auidam
610 4355 723 4413 campus
735 4343 863 4410 Martius,
976 4344 1022 4399 87.
1058 4343 1383 4467 ηαηιενοεμὴγῑὴωοη,
1402 4343 1498 4397 Verso.

241 4417 297 4489 vgl.
319 4433 353 4469 zu
370 4415 533 4481 N0.43,19.
907 4447 910 4452 ·
976 4413 1022 4469 92.
1058 4415 1128 4484 tuta]
1137 4415 1188 4468 wei
1209 4413 1327 4466 Dichter
1335 4413 1392 4466 und
1401 4411 1528 4465 Kritiker
1651 4465 1659 4484 ,

294 4487 340 4542 tc.
376 4486 438 4554 ubi]
449 4509 485 4530 =
496 4483 545 4538 ubi
564 4483 692 4552 primum,
711 4483 797 4537 ordne
815 4499 866 4537 vor
908 4483 1030 4537 dieselhe
1047 4484 1151 4538 Person
1169 4484 1213 4537 ist.

242 4557 326 4611 dade.
961 4554 1024 4610 1⁰0.
1057 4555 1141 4624 sebit]
1150 4551 1273 4608 ndmlleh
1281 4553 1368 4606 menti
1377 4553 1445 4606 oder
1453 4567 1527 4606 men·

294 4622 340 4681 81.
376 4625 467 4693 saepe]
485 4624 522 4676 ist
539 4622 655 4677 ablatio.
674 4621 788 4694 singul!
909 4629 974 4690 tem,
993 4624 1065 4678 noch
1083 4641 1136 4679 von
1154 4639 1213 4678 cum
1231 4622 1383 4693 abhingig.
1595 4655 1598 4661 -
