3716 5292
831 507 949 564 Zweiter
971 497 1042 564 Tell.

429 673 540 754 thue
562 691 654 740 ιιιιιιιι
677 672 806 739 Bacche
828 689 893 739 non
916 670 1019 766 sentit
1041 673 1153 740 saucia
1175 669 1303 754 vulnrrs,

472 779 558 846 Dum
581 781 693 862 stupet
714 779 824 845 Idaeis
847 771 1017 845 exululata
1039 779 1150 863 modia

429 884 562 952 Sicubi
584 889 673 952 mota
696 885 805 952 calent
828 884 927 953 viridi
949 879 1022 952 mea
1043 889 1178 968 pectora
1200 885 1323 967 thyrso,

473 991 583 1057 Altior
605 993 744 1058 humano
768 991 903 1073 spiritus
925 991 982 1057 ille
1005 992 1090 1058 malo
1114 992 1173 1058 ert.

385 1122 413 1163 ιι
428 1095 490 1162 ille
512 1115 573 1163 nec
596 1097 736 1181 exilium,
760 1097 906 1181 Scythici
928 1117 989 1166 nec
1011 1099 1110 1165 litora
1132 1096 1234 1180 ponti,

473 1203 534 1269 Ille
557 1221 617 1269 nec
639 1204 743 1270 iratos
766 1205 869 1270 sentit
891 1206 1013 1272 habere
1036 1206 1120 1271 deos.

430 1309 540 1390 thue
563 1307 764 1391 soporiferae
785 1310 931 1377 biberem
954 1313 983 1378 si
1005 1311 1122 1394 pocula
1144 1310 1274 1392 Lethes,

474 1415 642 1497 Temporis
665 1417 797 1484 adversi
819 1417 866 1483 sic
889 1417 968 1483 mibi
991 1435 1105 1483 sensus
1128 1417 1230 1482 abest.

429 1522 506 1587 Iure
529 1523 606 1588 deas
628 1522 732 1606 igitur
754 1541 893 1591 veneror
915 1524 1003 1589 mala
1024 1527 1138 1589 nortra
1160 1523 1319 1604 levantes,

384 1653 412 1693 ιο
472 1626 640 1695 Sollicitas
663 1630 798 1696 comites
821 1649 862 1696 ex
884 1630 1042 1697 Helicone
1065 1629 1174 1712 fugae,

428 1734 476 1799 Et
497 1736 618 1815 partim
640 1735 757 1819 pelago
779 1737 901 1818 partim
924 1735 1068 1818 vestigia
1089 1741 1181 1802 terra

474 1841 537 1907 Vel
559 1845 634 1907 rate
657 1841 810 1926 dignatas
833 1844 887 1911 vol
910 1845 992 1927 pede
1015 1847 1128 1910 nostra
1150 1842 1250 1923 sequi.

429 1946 511 2032 Sint,
533 1966 657 2031 precor,
679 1950 761 2016 haec
782 1950 901 2016 saltem
923 1948 1038 2016 faciles
1060 1949 1152 2015 mihi!
1191 1966 1330 2028 namque
1353 1948 1483 2012 deorum

475 2054 592 2120 Cetera
616 2073 687 2121 omn
710 2073 827 2139 magno
852 2057 991 2121 Caesare
1014 2056 1114 2121 turba
1137 2055 1228 2138 facit,

385 2185 412 2225 ιι
428 2159 545 2240 Meque
568 2164 619 2227 tot
641 2161 788 2227 adversis
812 2162 987 2245 cumulant,
1011 2165 1090 2243 quot
1112 2159 1191 2227 litus
1215 2177 1342 2236 arenae,

474 2264 625 2349 Quotque
647 2267 768 2333 fretum
790 2266 905 2350 pisces,
929 2285 1055 2348 ovaque
1077 2266 1176 2348 piscis
1199 2266 1308 2330 habet.

429 2372 516 2438 Vere
538 2373 630 2454 prius
651 2373 756 2453 flores,
779 2377 873 2440 aestu
895 2374 1082 2440 numerabis
1105 2372 1235 2455 aristas,

473 2479 575 2545 Poma
596 2499 656 2562 per
679 2486 868 2547 autumnum
891 2480 1133 2563 frigoribusque
1155 2479 1257 2560 nivea,

430 2583 535 2667 Quam
558 2586 654 2670 mala,
678 2607 762 2670 quae
784 2593 855 2654 toto
877 2588 988 2670 patior
1009 2587 1154 2653 iactatus
1176 2585 1211 2651 in
1234 2584 1320 2666 orbe,

386 2713 414 2753 ιο
473 2691 558 2758 Dum
581 2694 680 2760 miser
702 2695 825 2761 Euxini
847 2695 947 2761 litora
970 2695 1068 2762 laeva
1090 2698 1175 2776 peto.

429 2798 498 2863 Nec
520 2802 639 2885 tamen,
664 2807 701 2867 ut
723 2803 809 2885 ueni,
831 2801 937 2868 levior
958 2800 1093 2866 fortuna
1115 2799 1274 2865 mulorum
1298 2801 1360 2862 est:

476 2905 550 2971 Huc
572 2925 700 2988 quoque
722 2912 799 2975 sunt
821 2911 951 2973 nostros
973 2906 1047 2972 iata
1069 2909 1183 2971 secuta
1205 2905 1287 2972 vias.

430 3010 495 3076 Hic
518 3030 644 3093 quoque
667 3032 823 3096 cognosco
844 3013 967 3079 natalis
990 3013 1131 3077 stamina
1153 3011 1266 3094 nostri,

476 3117 624 3184 Stamina
647 3122 687 3186 de
709 3121 803 3202 nigro
827 3121 950 3187 vellere
973 3117 1065 3186 iacta
1086 3118 1175 3184 mihi.

387 3249 414 3289 ιι
430 3223 540 3304 thue
563 3243 623 3290 nec
644 3225 780 3292 insidias
804 3227 986 3308 capitisque
1008 3225 1155 3309 pericula
1177 3240 1315 3306 narrem,

475 3331 564 3397 Vera
587 3332 724 3416 quidem,
747 3333 819 3400 veri
842 3334 900 3400 sed
922 3334 1078 3416 graviora
1099 3333 1174 3399 tide:

432 3434 552 3504 Vivere
576 3457 674 3519 quam
695 3441 848 3506 miserum
871 3444 922 3506 est
944 3441 1032 3505 inter
1054 3437 1235 3519 Bessosque
1258 3437 1424 3516 Getasque

474 3543 580 3629 Illum,
604 3546 660 3627 qui
681 3547 793 3628 populi
816 3565 943 3630 semper
964 3547 999 3613 in
1022 3565 1078 3613 ore
1100 3546 1179 3612 fuit!

431 3647 536 3731 Quam
560 3653 711 3719 miserum
736 3658 795 3737 est,
818 3658 915 3737 porta
938 3655 1041 3721 vitam
1064 3669 1219 3732 muroque
1242 3649 1338 3732 tueri,

350 3865 395 3920 ta.
430 3871 530 3936 maaet]
543 3884 592 3921 vor
604 3868 808 3941 Begeisterung
826 3870 863 3923 ist
879 3871 918 3924 eie
965 3869 1150 3937 quamqnu
1203 3871 1255 3934 tus,
1274 3863 1425 3918 derdureh
1438 3859 1583 3916 diewsshl

297 3933 438 4005 gafulhllos
456 3953 546 4010 gagen
564 3937 610 3993 die
628 3939 802 3994 Aullenwelt.
963 3939 1011 3992 dee
1029 3935 1157 3992 Ausdrue
1178 3950 1208 3989 ea
1225 3935 1287 3988 hier
1305 3933 1442 3988 ebeufalls
1460 3932 1502 3986 als
1514 3929 1584 3986 (soa

313 4074 320 4087 ¹
351 4004 397 4060 44.
432 4008 559 4078 spiritus]
576 4007 781 4082 Begeisterung
802 4009 918 4079 (dichte-
961 4007 1080 4080 gefeiert
1096 4007 1174 4059 wird.
1209 4003 1276 4075 vgl.
1295 4003 1401 4070 Nom,
1416 4002 1456 4055 12.

297 4073 408 4136 nuche).
1015 4091 1061 4151 58,
1096 4090 1181 4165 m‘oas]
1203 4089 1428 4146 Schneefloeken.

350 4144 399 4269 ἓῗῖ
432 4145 771 4291 ἷιῗὲιὲἓωῖἶιῖῗῖἷῖηιῖξὶι
784 4219 857 4274 ovio
875 4219 920 4274 ιιι
1015 4183 1061 4237 ⁰⁰·
1097 4181 1185 4251 W]
1204 4177 1337 4234 ''⁰⁸ffi0h·

298 4283 381 4338 Reice
400 4284 473 4338 nach
485 4285 568 4340 Tomi
583 4305 617 4341 zu
630 4285 722 4342 Schiff
743 4306 799 4343 von
816 4289 853 4344 da
871 4289 922 4344 auf
1015 4269 1061 4324 ⁰1·
1096 4263 1582 4344 11111111]111111111111111111111111111·

299 4353 362 4407 dem
380 4353 539 4428 Lnndwege
556 4358 669 4412 zuffick,
704 4331 770 4431 tigq
789 4359 841 4414 No,
854 4359 896 4414 36,
962 4340 1126 4412 gekommen
1140 4354 1210 4406 war;
1224 4335 1260 4391 V.
1273 4317 1583 4403 57—60bezogenerch

350 4424 397 4480 52.
432 4425 564 4495 diynatas
603 4445 633 4482 ω
661 4428 741 4482 nicht
766 4428 812 4482 fflf
839 4433 920 4483 „nter
964 4409 1015 4464 auf
1042 4408 1087 4462 die
1117 4406 1338 4476 Eutbehrungen
1373 4400 1505 4457 'thread
1535 4400 1584 4454 der

300 4493 376 4547 ihrer
393 4493 500 4550 Wltrde
518 4497 566 4551 hie
577 4502 633 4552 ten.
962 4479 986 4532 F
988 4479 1053 4534 111111
1072 4477 1146 4531 118111
1164 4476 1254 4531 Το1111-

351 4563 398 4619 54.
432 4564 593 4631 saceraotem
603 4568 705 4638 aliquo]
716 4569 920 4642 auijemandee
1015 4565 1061 4622 bb.
1097 4565 1158 4618 veri
1173 4594 1207 4602 -
1222 4561 1287 4630 fide]
1304 4555 1581 4613 achlimmeraledall

299 4631 373 4687 Seite
400 4635 511 4704 stehen,
539 4653 568 4690 es
595 4637 647 4692 mit
672 4639 732 4692 ihm
755 4639 861 4694 baltea.
885 4669 920 4678 —
963 4652 1028 4690 man
1046 4652 1075 4689 es
1093 4634 1216 4706 glauben
1234 4632 1346 4685 kbunte.
