3716 5292
252 4036 300 4090 Ka

252 4106 307 4160 Dic

252 4263 361 4318 erbaut.

778 443 830 499 uo.
844 443 877 498 aa
898 446 943 512 (er.
962 444 1025 514 13).

346 641 374 681 aa
390 616 425 682 Si
447 617 526 684 licet
549 618 705 699 exemplis
727 618 762 684 in
783 619 896 700 parvis
918 619 1098 702 grandibus
1120 619 1179 702 uti,

436 723 528 790 Haec
550 723 653 790 facies
675 724 803 808 Troiae,
827 743 899 790 cmn
922 732 1105 808 caperetur,
1128 730 1210 793 erat.

391 829 527 912 Iamque
549 830 762 922 quiescebant
784 849 881 898 voces
903 830 1131 913 hominumque
1154 851 1342 916 canumque,

435 936 595 1018 Lunaque
617 941 793 1004 nocturnos
816 938 887 1004 alta
909 938 1048 1019 regebat
1070 956 1178 1018 equos.

390 1043 486 1110 Hanc
509 1061 569 1126 ege
592 1043 773 1126 suspiciens
795 1049 830 1109 et
857 1044 899 1111 ab
922 1044 986 1114 hac
1009 1043 1173 1125 Capitolia
1194 1063 1339 1129 cernens,

347 1175 375 1216 ao
434 1149 526 1233 Quae
549 1154 661 1216 nostre
684 1149 811 1218 frustm
832 1149 946 1216 iuncta
969 1149 1062 1218 fuere
1084 1150 1157 1234 lari,

390 1255 540 1322 ‘Numina
562 1255 681 1323 vicinis
702 1256 893 1323 habitantia
915 1256 1063 1340 sedibus’‚
1085 1256 1218 1338 inquam

434 1363 578 1444 ‘Iamque
600 1362 702 1429 oculis
723 1381 898 1443 numquam
921 1363 1044 1444 templa
1066 1363 1208 1430 videnda
1231 1365 1320 1447 meis,

389 1465 497 1554 Dique
517 1468 732 1552 relinquendi,
755 1486 835 1550 quos
858 1470 937 1535 urbs
959 1469 1062 1537 habet
1084 1470 1155 1536 alta
1178 1470 1314 1555 Quirini,

432 1575 516 1648 hsce
538 1576 678 1643 salumti
699 1580 827 1657 tempus
849 1574 884 1640 in
908 1593 1000 1641 omne
1022 1575 1100 1642 mihi
1106 1578 1115 1642 1

345 1707 373 1749 a
387 1680 436 1748 nt
458 1701 654 1763 quamquam
677 1700 749 1748 sero
773 1680 912 1762 clipeum
935 1685 1010 1762 post
1032 1682 1170 1748 vulnera
1193 1701 1292 1766 sumo,

433 1787 592 1856 Attamen
612 1789 699 1854 hanc
721 1787 804 1854 odiis
826 1791 1004 1854 exenmate
1025 1786 1147 1870 fugam,

389 1894 595 1975 Caelestique
617 1894 699 1978 viro,
722 1893 795 1974 quis
817 1912 869 1959 me
891 1893 1058 1976 deceperit
1081 1911 1181 1976 error,
1270 1980 1272 1984 ι

433 2000 552 2083 Dicite,
574 2019 634 2082 pro
657 2000 753 2080 culpa
775 2017 817 2064 ne
839 1999 945 2065 scelus
969 2017 1040 2066 cese
1062 2001 1170 2079 putet!

389 2107 437 2174 Ut
459 2107 544 2187 quod
566 2124 625 2174 vos
647 2106 748 2188 scitia,
771 2123 896 2186 poenae
918 2123 1045 2186 quoque
1067 2105 1192 2172 sentiat
1215 2110 1338 2188 auctor,

344 2240 372 2280 a
432 2212 570 2279 Placete
592 2231 722 2294 possum
744 2229 810 2279 uon
832 2211 931 2278 miser
954 2228 1025 2278 esse
1049 2211 1126 2277 dea’

386 2320 460 2386 Hac
481 2337 578 2402 prece
602 2318 740 2385 adoravi
762 2334 895 2398 superos
919 2335 989 2399 ege,
1011 2316 1272 2401 plumbearum,

405 2461 409 2470 ·
432 2425 585 2508 singultu
608 2425 731 2492 medios
753 2422 951 2505 impediente
973 2441 1077 2488 senon.

388 2531 453 2598 Hla
476 2532 576 2598 etiam
599 2535 677 2597 ante
700 2530 788 2596 lares
810 2527 915 2610 passis
939 2529 1090 2594 adstrata
1114 2528 1241 2608 capillis

434 2637 581 2720 Contigit
603 2637 765 2704 extinctos
788 2652 844 2700 ore
867 2636 1029 2698 tremente
1052 2632 1149 2717 focca,

344 2771 372 2811 a
386 2744 558 2826 Multaque
580 2743 615 2808 in
638 2744 793 2810 adversos
820 2739 935 2806 effudit
959 2741 1063 2807 verba
1085 2743 1223 2820 penates

432 2851 497 2916 Prc
521 2849 689 2931 deplorato
712 2866 778 2917 non
800 2846 949 2913 reditura
970 2845 1052 2913 viro.

388 2958 523 3037 Iamque
544 2974 654 3024 morae
676 2954 820 3038 spatium
842 2970 909 3019 nox
930 2950 1153 3033 praecipitata
1174 2953 1329 3036 negabat,

388 3133 391 3141 ,
432 3064 602 3144 Versaque
625 3063 667 3129 ab
691 3079 755 3128 axe
773 3077 834 3129 suo
856 3057 1034 3126 Parrhasia
1057 3062 1166 3124 arctes
1189 3062 1271 3126 erat

388 3170 475 3254 Quid
496 3169 658 3236 iacerem?
682 3169 802 3237 blando
824 3164 957 3248 patriae
978 3163 1147 3231 retinebar
1169 3182 1291 3232 amore:

344 3305 372 3344 ao
431 3276 559 3343 Ultima
581 3277 638 3342 sed
661 3275 770 3342 iussae
791 3291 858 3338 nox
880 3275 955 3337 erat
976 3271 1037 3336 illa
1060 3269 1168 3352 iugae.

387 3383 431 3449 A!
455 3382 605 3464 quotiens
628 3381 738 3462 aliquo
761 3378 830 3445 dixi
851 3381 1050 3459 properante
1073 3375 1169 3460 ‘Quid
1190 3375 1335 3459 urgues?

432 3489 495 3554 Vel
519 3507 581 3569 quc
604 3487 743 3554 festinas
766 3485 824 3568 ire,
847 3485 901 3552 vel
924 3484 1019 3565 unde,
1042 3482 1140 3550 videi'

306 3739 353 3796 29.
387 3736 875 3809 cucpicmaliquanqzujemandem
972 3733 1017 3789 40.
1054 3734 1113 3802 deo]
1126 3731 1234 3785 derselb

253 3808 471 3880 emporblicken.
580 3865 583 3871 ,
919 3804 964 3858 vir
1000 3809 1105 3856 enannt
1122 3801 1224 3867 wurde,
1243 3773 1394 3873 Augustus.

304 3899 351 3953 30.
387 3898 457 3967 bari]
479 3897 599 3950 meinem
617 3895 785 3966 Hanegotte,
807 3893 874 3948 dh.

252 3968 372 4022 meinem
389 3966 498 4035 Hense,
523 3966 573 4019 dae
597 3966 626 4018 in
649 3966 698 4019 der
721 3964 802 4019 Ndhe
826 3964 875 4018 der

300 4037 384 4159 pituli
402 4037 459 4118 lag.
477 4067 512 4076 —
530 4033 649 4105 fructeta]
671 4035 734 4088 weil
757 4050 787 4088 ea
811 4033 875 4086 dem

329 4113 372 4160 ter
395 4105 497 4159 kemen
516 4105 618 4159 Schutn
642 4105 768 4176 gewihrt
785 4104 874 4157 hatte.

1236 3749 1251 3785 e
1273 3731 1323 3786 der
1334 3732 1405 3786 eben
1417 3733 1541 3787 walemir

1008 3907 1017 3927 .
1045 3871 1353 3941 adcereoanichtetwa
1364 3868 1540 3936 ,feindlich‘,

919 3941 1037 3994 eonderu
1058 3941 1119 4007 „die
1136 3957 1186 3995 vor
1203 3941 1249 3993 ihr
1267 3940 1409 3994 abundem.

971 4011 1017 4066 48.
1053 4012 1125 4081 aaa]
1143 4011 1180 4063 ist
1191 4010 1325 4064 uundchat
1337 4009 1382 4062 die
1394 4009 1483 4064 durch
1495 4011 1541 4065 die

920 4079 1003 4133 Mitte
1026 4079 1076 4133 der
1094 4079 1167 4134 Erde
1191 4096 1245 4134 ron
1267 4080 1357 4132 eiuem
1375 4077 1444 4133 Pole
1467 4080 1539 4133 nach

919 4149 984 4202 dem
1002 4150 1106 4204 andern
1125 4149 1264 4220 gedachte
1279 4148 1380 4216 Achae,
1399 4148 1473 4202 daun
1492 4149 1541 4203 der

305 4193 351 4248 33.
382 4192 452 4262 ulta]
462 4192 525 4246 weil
536 4190 589 4245 auf
595 4191 649 4244 den
657 4190 753 4244 eieben
762 4189 875 4261 theln
918 4218 1041 4272 ΗΜΘ]
1060 4219 1154 4272 selba·
1190 4218 1283 4273 Wenn
1307 4218 1439 4272 ⁵10th
1490 4219 1540 4272 050

918 4288 976 4342 Ber
1013 4288 1302 4358 (Namenveraeichnie
1338 4293 1420 4342 uuter
1479 4304 1540 4342 arr·

304 4350 349 4404 35·
386 4348 468 4403 Sinffl
493 4345 606 4401 ⁰bW⁰hl
628 4363 657 4400 θ’
672 4348 744 4418 jetzt
760 4365 794 4400 ¹¹¹
812 4350 876 4416 ⁸1³sst
919 4357 1019 4426 imici)
1045 4375 1098 4412 von
1122 4359 1212 4413 seiher
1235 4357 1323 4412 Stella
1349 4374 1395 4412 am
1418 4357 1541 4412 Himmel

252 4419 297 4483 ist,
317 4418 371 4472 (18ss
390 4417 437 4471 ich
456 4415 743 4487 &nssettunssdesskffl
761 4448 797 4456 -
813 4433 875 4471 ⁸⁶r⁰
919 4429 966 4495 (ab
997 4444 1051 4482 aare
1079 4431 1139 4497 ereo)
1172 4427 1322 4482 seheinbar
1352 4427 1425 4481 nach
1454 4426 1540 4482 Oeten

250 4487 320 4541 wird
338 4488 426 4541 durch
441 4492 507 4556 poet
524 4486 642 4540 vulnera
660 4487 774 4542 erkldrt.

300 4574 346 4630 38.
383 4572 450 4647 Vgl.
469 4573 521 4629 No.
536 4574 559 4639 1,
572 4572 615 4628 90.

919 4496 1036 4562 vendet,
1048 4496 1085 4550 iat
1097 4497 1147 4552 der
1159 4497 1275 4568 Mcrgen
1289 4497 1369 4552 nieht
1380 4496 1459 4549 mehr
1470 4496 1539 4550 feru.

972 4568 1017 4622 50.
1051 4566 1146 4637 suque]
1165 4567 1220 4638 vgl.
1239 4584 1273 4620 au
1291 4565 1342 4622 No.
1357 4567 1380 4632 1,
1393 4566 1435 4620 63.
