3714 5298
803 1408 933 1485 Erster
959 1409 1050 1486 Teii.
1169 1499 1170 1507 Ν

581 1565 847 1668 Authclugle
873 1587 952 1649 aus
978 1567 1063 1649 (len
1089 1565 1223 1649 uasti.

461 1755 493 1823 1.
520 1754 608 1822 Aus
637 1751 713 1824 der
740 1752 1253 1826 (tricorium-Rimmon
1279 1755 1394 1838 sago.

729 1900 1117 1988 purpure-ers).
1197 1860 1199 1866 ’

464 2057 537 2124 Iler
558 2057 659 2124 Raub
682 2059 746 2127 der
766 2059 996 2144 Proserpina.
1041 2059 1157 2142 Illage
1179 2057 1244 2125 (lar
1265 2058 1382 2130 Ceres.

416 2214 520 2279 Terra
542 2215 650 2280 tribus
673 2217 813 2299 scopulis
836 2223 968 2284 vastum
990 2215 1155 2297 procurrit
1177 2215 1211 2281 in
1235 2233 1356 2297 aequor

459 2321 637 2400 Trinacris,
661 2341 682 2387 a
704 2323 814 2404 positu
835 2341 952 2388 nomen
974 2324 1096 2403 adepta
1118 2322 1189 2405 loci,

414 2425 520 2492 Grata
544 2429 656 2493 demus
679 2429 797 2494 Cereri.
842 2427 963 2493 multas
986 2442 1027 2493 ee
1048 2428 1194 2509 possidet
1215 2429 1322 2511 urbes

458 2533 498 2597 In
522 2533 639 2613 quibus
663 2537 713 2598 est
736 2532 824 2598 culto
846 2532 967 2598 fertilis
989 2533 1108 2600 Henna
1131 2535 1206 2601 solo.

383 2637 552 2720 eFrigida
575 2640 751 2704 caelestum
774 2643 897 2705 matres
919 2638 1087 2704 Arethusa
1109 2645 1262 2706 vocarat:

459 2744 605 2811 Venerat
626 2745 670 2810 ad
693 2763 804 2811 sacras
827 2749 862 2811 et
885 2746 946 2810 dea
968 2744 1057 2812 flava
1080 2745 1188 2826 dapes.

412 2850 509 2935 Filia,
533 2851 695 2918 consuetis
718 2856 756 2916 ut
779 2855 853 2916 erat
875 2851 1034 2917 comitata
1056 2852 1181 2934 puellis,

457 2959 604 3025 Errabat
627 2960 712 3024 nudo
735 2976 794 3040 per
817 2976 878 3023 sua
899 2963 998 3038 prata
1020 2960 1111 3039 pede.

412 3066 510 3133 Valle
533 3066 593 3132 sub
617 3065 769 3131 umbrosa
791 3065 881 3129 locus
904 3068 954 3129 est
977 3065 1150 3146 aspergine
1172 3066 1277 3131 multa

366 3196 394 3236 ιο
455 3172 582 3239 Uvidus
605 3190 646 3237 ex
669 3170 738 3237 alte
761 3170 941 3237 desilientis
965 3189 1078 3250 aquae.

411 3279 474 3344 Tot
497 3277 631 3344 lucrant
652 3278 729 3362 illic,
753 3282 833 3358 quot
855 3278 957 3343 habet
978 3281 1108 3360 natura,
1133 3279 1263 3362 colores,

454 3384 615 3466 Pictaque
637 3384 786 3451 dissimili
807 3383 887 3449 flore
909 3383 1040 3450 nitebat
1062 3384 1186 3450 humus.

409 3492 514 3575 Quam
537 3491 633 3558 simul
656 3491 795 3575 aspexit,
818 3490 969 3572 ‘comites
992 3490 1162 3556 acceditcl’
1186 3490 1270 3556 dixit

451 3597 507 3663 ‘Et
529 3617 653 3664 mecum
674 3598 787 3679 plenos
808 3596 888 3663 flore
909 3595 1032 3662 referte
1055 3597 1167 3662 sinusl’

365 3729 392 3767 15
407 3703 536 3769 Praetu
558 3703 721 3787 puellares
745 3703 867 3769 animos
889 3701 1053 3784 prolectat
1074 3702 1190 3785 inanis,

452 3809 499 3875 Et
520 3828 583 3876 non
608 3810 750 3876 sentitur
772 3808 948 3875 sedulitate
970 3807 1072 3874 labor.
1151 3823 1154 3830 ·

407 3915 500 3981 Haec
521 3916 636 3998 implet
658 3917 747 3982 lente
770 3916 918 3982 calathos
940 3933 959 3979 e
981 3915 1102 3982 vimine
1124 3934 1232 3999 nexos,

343 4105 397 4161 lle.
415 4105 444 4160 2.
480 4107 507 4160 2.
543 4109 675 4175 aposita
692 4107 755 4176 loca]
773 4125 827 4163 von
844 4108 893 4164 der
1005 4105 1034 4159 6.
1073 4107 1158 4175 fleca]
1188 4124 1282 4178 wagan
1312 4108 1361 4161 der
1388 4107 1481 4162 Farbe
1508 4108 1556 4161 des

273 4174 357 4230 Form
375 4176 424 4229 der
440 4174 523 4230 Insel.
936 4171 1090 4244 Geireides,
1109 4176 1159 4228 das
1178 4175 1260 4229 Ceres
1279 4177 1407 4230 wachsen
1425 4178 1490 4231 lest.

342 4279 370 4334 4.
409 4276 480 4334 sidio
506 4279 570 4346 sole]
601 4278 653 4332 auf
677 4285 728 4350 gut
756 4280 892 4351 gebauter
1004 4246 1034 4366 ὅ·
1064 4244 1506 4386 ξῖἕατξέιῑὲῗθξὲἰῗξὲἴθνῒηωὼ

271 4346 348 4402 Flu*
986 4349 1033 4438 121
1076 4384 1205 4438 sesamae
1236 4385 1313 4453 pore]
1348 4401 1402 4439 von
1435 4358 1554 4440 Bruaen

341 4452 369 4507 t.
393 4447 625 4524 matreeJhilufige
635 4451 833 4526 Beaeichnung
842 4454 892 4507 der
934 4450 1003 4505 aller
1020 4449 1082 4506 Art.
1540 4469 1542 4474 ’

272 4519 439 4590 Gtttinncn3
458 4520 611 4590 caelestum]
629 4520 675 4574 fiir
693 4523 855 4579 caclcaa'am.
986 4521 1030 4576 17.
1066 4522 1147 4592 hato]
1165 4523 1298 4595 biegsam.
