3714 5298
687 421 739 478 no.
752 422 786 476 27
804 422 858 500 (1v
872 423 965 495 1-18,
983 425 1123 494 91-132).

349 622 377 664 11
393 598 489 664 Hune
504 615 570 684 ¹vos
592 616 651 679 per
672 598 840 682 lacrimas,¹
856 617 915 680 per
936 604 1050 667 vestra
1074 599 1230 666 alimenta
1252 604 1377 685 rogate,

439 705 487 770 Ut
510 703 670 770 celebrem
692 709 804 771 nostro
827 705 936 788 signet
957 705 1080 772 honore
1103 706 1204 771 diem?
1277 735 1278 738 ¹
1320 765 1321 768 ,
1549 725 1573 776 9.
1587 723 1658 777 Mai.

395 810 607 877 Mandantem
630 810 785 891 amplecti
807 811 943 892 cupiunt
966 816 1001 876 et
1023 811 1179 877 bracchia
1201 813 1358 878 tendunt:

439 916 584 982 Lubrica
605 921 799 997 prensantes
822 916 939 999 effugit
961 917 1077 982 umbra
1099 936 1223 983 manus.

395 1023 443 1088 Ut
465 1039 573 1089 secum
595 1022 725 1104 fugiens
747 1040 874 1088 somnos
898 1023 1037 1089 abduxit
1059 1024 1176 1106 imago,
1257 1047 1258 1052 ¹

351 1154 379 1194 oo
440 1129 492 1194 Ad
515 1146 625 1212 regem
647 1147 744 1195 voces
766 1128 883 1194 fratris
906 1133 1045 1210 uterque
1067 1129 1193 1196 ferunt..

395 1233 551 1299 Romulus
574 1234 773 1318 obsequitur,
796 1234 964 1316 lucemque
987 1234 1143 1300 Remuria
1166 1235 1247 1301 dicit

440 1339 546 1423 illam,
569 1358 634 1420 qua
657 1340 772 1422 positis
794 1341 883 1406 iusta
905 1340 1058 1408 feruntur
1081 1341 1162 1408 avis.

396 1446 523 1526 Aspera
545 1450 675 1512 mutata
698 1447 807 1512 estin
829 1447 936 1513 lenem
957 1451 1103 1529 ternpore
1124 1447 1221 1530 longo

440 1551 581 1635 Littera,
605 1571 689 1633 qnae
711 1557 782 1619 toto
805 1553 933 1618 nomine
956 1553 1164 1635 primatum,

351 1657 471 1724 611161
494 1658 595 1724 etiam
616 1659 756 1725 lemures
779 1659 905 1725 animas
928 1659 1040 1725 dixere
1063 1659 1224 1724 silentum.

439 1764 504 1830 Hic
527 1783 639 1830 sensus
662 1765 765 1848 verbi,
788 1765 840 1832 vis
863 1783 903 1830 ea
926 1766 1016 1843 vocis
1039 1769 1121 1831 erat.

395 1870 491 1936 Fauo
513 1875 625 1936 tamen
647 1876 777 1938 veteres
799 1870 866 1936 illis
889 1870 1035 1938 clausere
1058 1871 1180 1953 diebus,

440 1977 487 2043 Ut
510 1995 596 2042 nunc
618 1976 716 2044 ferali
738 1980 884 2058 tempore
907 1981 1023 2059 operta
1045 1977 1145 2044 vides

396 2084 464 2148 Nec
486 2083 607 2150 viduae
629 2083 736 2150 taedis
759 2085 871 2149 eadem
894 2100 954 2148 nec
976 2081 1116 2165 virginis
1138 2088 1219 2164 apta

351 2214 378 2254 ⁷0
439 2189 609 2271 Tempora.
656 2208 741 2271 quae
762 2189 883 2272 nupsit,
907 2207 971 2255 non
994 2189 1150 2255 diuturna
1172 2188 1247 2256 fuit.

394 2296 468 2361 Hac
491 2313 617 2377 qnoque
641 2297 681 2362 de
704 2314 812 2378 causa,
835 2295 921 2362 site
943 2295 1119 2376 proverbia
1142 2298 1294 2380 tangunt,

438 2403 551 2468 Mense
572 2403 677 2468 malas
699 2402 787 2468 Maio
810 2403 933 2467 nubere
956 2401 1073 2484 volgus
1097 2401 1154 2466 ait.

394 2506 459 2573 Sed
481 2510 593 2573 tamen
614 2508 697 2574 haec
718 2507 785 2572 tria
808 2510 886 2572 sunt
908 2506 969 2572 sub
992 2507 1104 2572 eodem
1126 2511 1272 2588 tempore
1294 2505 1382 2574 16616
1490 2519 1494 2523 “
1549 2529 1758 2583 9.11.13.Mai.

438 2612 532 2680 Inter
554 2631 590 2678 se
612 2612 703 2678 nulla
726 2611 918 2678 continuata
941 2611 1001 2677 116.
1402 2643 1403 2648 1

635 2866 691 2936 lto.
708 2867 751 2935 27
776 2865 838 2951 (IV
855 2867 973 2948 1-18,
997 2863 1175 2951 91—132).

338 3021 463 3090 Anrnf
482 3023 547 3088 1161
573 3023 688 3090 venus
711 3022 785 3090 und
807 3022 1121 3106 uriumpngosang
1143 3023 1247 3089 ihrer
1268 2975 1464 3092 1111166111.

395 3179 509 3263 ‘Alma
532 3178 628 3262 fave:
652 3179 720 3244 dixi
744 3179 953 3262 ‘geminorum
975 3184 1082 3244 mater
1104 3180 1281 3246 Amoruml’

438 3285 492 3351 Ad
511 3290 626 3353 *vatem
649 3285 759 3353 voltus
782 3285 914 3352 rettulit
936 3285 995 3350 illa
1018 3289 1102 3369 snos,

395 3391 489 3475 ‘Quid
511 3391 582 3457 tibi’
606 3391 656 3456 ait
679 3391 832 3456 ‘mecum‘l
871 3396 960 3457 certe
983 3391 1108 3457 maiora
1132 3392 1281 3458 canebas.

438 3499 523 3563 Num
545 3502 642 3564 vetus
664 3497 699 3562 in
721 3497 811 3562 molli
833 3502 966 3578 pectore
988 3498 1105 3564 volnus
1128 3497 1259 3563 habes?

365 3604 473 3670 a‘Sois
496 3604 575 3687 dea,’
599 3603 752 3684 respondi
775 3602 825 3668 ‘de
847 3603 999 3669 volnere'
1044 3604 1128 3687 risit,
1151 3609 1186 3668 61
1208 3604 1325 3670 aether

437 3711 592 3777 Protinus
616 3728 657 3775 ex
679 3709 738 3774 illa
760 3712 856 3789 parte
883 3727 1016 3776 serenus
1039 3715 1121 3776 erat.
1385 3701 1387 3704 ’

395 3816 548 3901 ‘Saucius
572 3836 615 3883 an
638 3834 745 3897 6611116,
769 3815 925 3895 numquid
948 3821 1007 3881 tua
1029 3816 1125 3898 signa
1147 3815 1285 3896 reliqui?
1395 3888 1397 3896 ¹

439 3923 490 3988 Tu
513 3923 593 3988 mihi
614 3922 824 4005 propositum,
847 3927 885 3987 tu
908 3922 988 3986 mihi
1011 3941 1137 4004 semper
1160 3940 1248 4003 opus.
1396 3917 1397 3924 '

312 4131 358 4186 to.
394 4130 537 4198 alimento]
556 4129 601 4182 die
620 4129 721 4198 Opfer,
746 4129 790 4182 die
810 4128 882 4182 euch
979 4130 1023 4183 10.
1058 4129 1262 4183 coadiutorem·
1273 4126 1339 4196 fait]
1357 4125 1394 4179 161
1411 4126 1489 4179 nicht
1508 4124 1548 4179 ult

260 4201 350 4254 meino
368 4198 508 4252 Eraiahun
547 4197 677 4269 gekostet
694 4199 753 4252 hat.
925 4198 1081 4269 geworden.

312 4270 358 4324 61.
393 4267 452 4322 Der
465 4217 601 4322 Geffanke
619 4284 654 4321 an
667 4267 881 4322 TodundVer-
979 4268 1022 4323 72.
1058 4269 1155 4336 malos]
1174 4284 1227 4320 nur
1244 4265 1374 4319 hiissliche
1394 4264 1508 4335 (Peter).

261 4338 454 4409 gttnglichlreit
470 4338 608 4408 beleidigt
623 4338 669 4391 die
681 4337 815 4408 Majestiit
832 4337 881 4390 der

260 4410 312 4462 ewi
332 4425 367 4462 en
385 4407 493 4462 Gtitter.
920 4435 921 4441 .
976 4405 1086 4462 nasa
1110 4407 1139 4462 1.
1154 4406 1320 4476 punicorum
1329 4368 1468 4471 Amorum]
1478 4401 1548 4456 Eros

348 4513 357 4534 .
393 4477 448 4532 Die
477 4475 607 4542 Feralia,
644 4476 694 4530 das
728 4475 880 4542 Totenfest,
924 4475 981 4530 und
994 4474 1129 4529 *Anteros
1516 4507 1518 4512 ,

259 4545 358 4601 1616116
370 4564 435 4602 man
448 4564 493 4602 am
506 4547 548 4602 21.
558 4546 697 4615 Febrem,
710 4546 765 4616 vgl.
775 4545 827 4601 No.
838 4545 880 4600 22.
