3716 5292
781 465 1067 536 mmmvm·

366 639 526 706 duomilia
548 641 723 706 barbariae
745 641 818 708 loca
840 648 916 707 sunt
938 642 1093 721 vocisque
1115 642 1251 728 ferinae,-

455 745 635 828 Omniaque
657 747 786 814 hostilis
808 747 905 829 plena
927 748 1043 814 timore
1066 749 1144 816 soni.

330 925 335 933 ¹
410 852 485 932 Ipse
507 852 587 919 mihi
610 853 723 921 videor
745 854 811 918 iam
835 855 1027 920 dedidicisse
1050 854 1183 920 Latine:

455 958 538 1024 Nam
562 959 661 1024 didici
683 959 800 1025 Getice
822 959 1068 1041 Sarmaticeque
1090 960 1187 1042 loqui.

410 1065 478 1130 Nec
501 1068 620 1146 tamen,
643 1069 681 1129 ut
704 1083 817 1131 verum
840 1065 950 1132 fatear
972 1066 1043 1149 tibi,
1067 1072 1181 1134 nostra
1203 1068 1309 1133 teneri

366 1197 393 1237 ao
453 1171 483 1235 A
507 1172 724 1253 componendo
748 1172 891 1238 carmine
914 1172 1009 1239 Musa
1031 1178 1150 1254 potest.

410 1277 588 1343 Scribimus
611 1283 646 1342 et
668 1278 808 1359 scriptos
831 1279 1028 1345 absumimus
1051 1280 1128 1363 igne
1151 1280 1291 1346 libellos:

456 1383 575 1450 Exitus
599 1389 650 1450 est
672 1385 774 1450 studii
795 1403 900 1464 parva
926 1384 1043 1453 favilla
1066 1387 1138 1452 mei.

411 1490 480 1555 Nec
501 1509 631 1572 possum
654 1494 688 1556 et
711 1491 805 1572 cupio
828 1509 892 1557 non
915 1492 1021 1557 nullos
1044 1493 1162 1558 ducere
1184 1509 1310 1559 versus:

384 1611 391 1629 ·
456 1596 596 1662 Ponitur
617 1597 738 1663 idcireo
760 1603 874 1663 noster
898 1598 934 1663 iu
956 1599 1033 1679 igne
1054 1599 1156 1681 labor,

368 1729 394 1769 a
410 1703 478 1768 Nee
500 1703 565 1769 nisi
587 1722 664 1785 pars
688 1721 766 1769 casu
788 1703 925 1769 flammis
949 1709 1064 1785 erepta
1087 1704 1201 1771 dolove

422 1845 424 1850 ·
456 1809 510 1875 Ad
532 1827 591 1876 vos
613 1809 737 1891 ingenii
759 1810 915 1891 pervenit
933 1811 1004 1875 ulla
1025 1811 1098 1877 mei.

413 1915 468 1982 Sic
488 1916 623 1998 utinam,
646 1934 731 1996 quae
753 1916 800 1980 nil
823 1921 1020 1982 metuentem
1043 1917 1113 1982 tale
1134 1916 1326 1998 magistrum

456 2021 615 2103 Perdidit,
638 2023 673 2086 in
695 2022 820 2088 cineres
843 2022 908 2088 Ars
930 2041 1004 2088 mea
1027 2041 1124 2089 versa
1147 2022 1245 2088 foret!

757 2298 1155 2414 mmmvm'
1245 2295 1302 2390 ff

719 2498 880 2570 Aristeia
902 2504 966 2570 der
989 2503 1127 2572 Gattin.

414 2676 546 2759 Quanta
569 2677 632 2741 tibi
656 2677 798 2742 dederim
821 2678 943 2743 uostris
965 2683 1173 2743 monumenta
1195 2679 1324 2762 libellis

459 2780 662 2847 omnine
685 2783 825 2848 coniunx
848 2784 964 2865 carior,
987 2785 1059 2865 ipsa
1082 2783 1183 2850 vides.

414 2889 579 2954 Detrahat
602 2889 729 2955 auctori
751 2890 888 2954 multum
911 2889 1054 2973 fertura,
1077 2891 1202 2956 licebit:

459 2995 510 3059 Tu
532 2999 642 3061 tamen
664 2996 795 3078 ingenio
818 2996 909 3061 clara
930 2996 1037 3062 terere
1059 3016 1143 3079 me03

385 3102 563 3182 rDumque
585 3100 688 3184 legar,
710 3104 837 3183 pariter
859 3122 983 3168 mecum
1007 3107 1066 3169 tua
1088 3103 1176 3170 fama
1199 3104 1336 3186 legetur,

460 3207 527 3272 Nec
549 3212 643 3287 potes
665 3209 701 3273 in
723 3213 864 3275 maestos
887 3199 991 3277 curnis
1014 3211 1106 3276 abire
1129 3229 1237 3294 rogos3

416 3313 559 3395 Cumque
581 3315 646 3381 viri
669 3332 748 3380 casu
770 3317 874 3396 possis
896 3317 1082 3382 miseranda
1105 3317 1219 3400 videri,

459 3421 613 3487 Invenies
636 3421 773 3502 aliquae,
797 3439 889 3505 quae,
912 3425 998 3504 qnod
1021 3442 1064 3506 ee,
1088 3441 1158 3488 esse
1181 3422 1294 3504 velint,

415 3527 507 3610 Quae
530 3532 574 3609 te,
600 3531 784 3593 nostrorum
808 3547 879 3593 cum
902 3530 947 3594 sis
969 3530 1004 3593 in
1027 3535 1123 3609 parte
1145 3528 1311 3610 malcrum,

371 3658 398 3697 10
458 3633 602 3700 Felicem
626 3633 737 3699 dicant
759 3633 994 3716 invideantque
1017 3635 1088 3700 tibi.

415 3740 489 3806 Non
512 3759 571 3824 ego
596 3741 731 3807 divitias
754 3742 859 3806 dando
883 3741 947 3806 tibi
969 3741 1065 3824 plura
1087 3740 1258 3806 dedissem:

460 3846 515 3911 Nil
538 3846 625 3917 feret
648 3848 689 3912 ad
712 3865 824 3912 manes
846 3847 961 3914 divitis
983 3848 1099 3913 umbra
1121 3865 1204 3912 suos.

415 3953 573 4034 Perpetui
595 3953 738 4019 fructum
761 3954 881 4020 donavi
903 3953 1041 4019 nominis
1063 3952 1168 4035 idque,

335 4179 381 4233 62.
417 4195 508 4247 parca
538 4179 651 4248 tumida]
681 4180 726 4234 eiu
755 4179 906 4234 Hiiufehen
1018 4177 1131 4232 dom.
1162 4177 1190 4231 8.
1221 4177 1323 4245 licebit]
1341 4193 1374 4228 zu
1393 4175 1523 4230 detrahat
1541 4176 1569 4227 in

284 4248 387 4303 Arche.
949 4247 1137 4300 konzessivem
1155 4244 1247 4299 Sinne.

335 4318 382 4372 63.
417 4315 476 4390 aec]
493 4316 725 4387 gehdrtauchzu
738 4321 831 4388 capim
849 4333 905 4372 nec
952 4335 956 4343 ·
1018 4316 1046 4371 6.
1082 4314 1143 4368 Auf
1152 4317 1239 4370 omnis
1255 4315 1325 4386 liegt
1337 4315 1387 4368 der
1398 4313 1472 4368 Ten:
1491 4313 1570 4366 nicht

283 4389 383 4457 1111101]
401 4386 481 4440 ullos.
969 4401 1019 4439 ann
1037 4385 1114 4438 wirnt
1138 4385 1175 4438 du
1199 4384 1323 4450 sterben,
1347 4383 1409 4437 weil
1432 4382 1502 4436 eben
1521 4383 1571 4436 der

335 4456 381 4512 68.
417 4457 484 4525 Ars]
508 4457 652 4511 amatoria.
697 4456 759 4510 Den
781 4456 905 4511 111111111-
948 4403 1043 4508 iduum
1061 4455 1145 4526 iibrig
1162 4454 1275 4508 bleiben
1292 4454 1369 4506 wird.
1493 4523 1500 4535 .
1547 4521 1554 4533 ο

283 4534 343 4580 scta
355 4543 427 4594 quur
439 4557 474 4565 -
481 4526 608 4595 perdidit
620 4526 777 4580 iibersctae:
796 4525 848 4580 che
865 4526 906 4580 aie
1018 4524 1046 4580 8.
1082 4540 1154 4592 quae
1166 4555 1200 4563 —
1212 4523 1307 4592 valiat]
1326 4523 1371 4576 die
1383 4538 1451 4593 garn
1463 4527 1515 4574 mut
1527 4520 1570 4573 d1r

283 4596 359 4649 mich
378 4603 430 4650 etc.
948 4594 1084 4648 tauschen
1102 4594 1241 4648 mdehteu.
