<?xml version="1.0" encoding="UTF-8"?>
<!DOCTYPE html PUBLIC "-//W3C//DTD XHTML 1.0 Transitional//EN"
    "http://www.w3.org/TR/xhtml1/DTD/xhtml1-transitional.dtd">
<html xmlns="http://www.w3.org/1999/xhtml" xml:lang="en" lang="en">
 <head>
  <title>
</title>
<meta http-equiv="Content-Type" content="text/html;charset=utf-8" />
  <meta name='ocr-system' content='tesseract 3.04.00' />
  <meta name='ocr-capabilities' content='ocr_page ocr_carea ocr_par ocr_line ocrx_word'/>
</head>
<body>
  <div class='ocr_page' id='page_1' title='image "./fastitristiaepi00ovidgoog_0119.png"; bbox 0 0 3716 5292; ppageno 0'>
   <div class='ocr_carea' id='block_1_1' title="bbox 858 477 1070 532">
    <p class='ocr_par' dir='ltr' id='par_1_1' title="bbox 858 477 1070 532">
     <span class='ocr_line' id='line_1_1' title="bbox 858 477 1070 532; baseline 0.009 -2"><span class='ocrx_word' id='word_1_1' title='bbox 858 477 976 532; x_wconf 81' lang='lat' dir='ltr'><strong>Zweiter</strong></span> <span class='ocrx_word' id='word_1_2' title='bbox 998 478 1070 532; x_wconf 80' lang='lat' dir='ltr'><strong>Tell.</strong></span> 
     </span>
    </p>
   </div>
   <div class='ocr_carea' id='block_1_2' title="bbox 399 641 1582 1044">
    <p class='ocr_par' dir='ltr' id='par_1_2' title="bbox 399 641 1582 1044">
     <span class='ocr_line' id='line_1_2' title="bbox 456 641 1519 726; baseline 0.005 -20"><span class='ocrx_word' id='word_1_3' title='bbox 456 641 566 721; x_wconf 77' lang='lat' dir='ltr'><strong>Atque</strong></span> <span class='ocrx_word' id='word_1_4' title='bbox 588 641 647 723; x_wconf 84' lang='lat' dir='ltr'>ita,</span> <span class='ocrx_word' id='word_1_5' title='bbox 671 643 711 707; x_wconf 88' lang='lat' dir='ltr'><strong>de</strong></span> <span class='ocrx_word' id='word_1_6' title='bbox 734 641 845 708; x_wconf 79' lang='lat' dir='ltr'><strong>multis</strong></span> <span class='ocrx_word' id='word_1_7' title='bbox 868 641 1021 721; x_wconf 86' lang='lat' dir='ltr'><strong>quoniam</strong></span> <span class='ocrx_word' id='word_1_8' title='bbox 1045 660 1108 707; x_wconf 90' lang='lat' dir='ltr'><strong>non</strong></span> <span class='ocrx_word' id='word_1_9' title='bbox 1131 643 1237 708; x_wconf 83' lang='lat' dir='ltr'><strong>multa</strong></span> <span class='ocrx_word' id='word_1_10' title='bbox 1260 647 1444 726; x_wconf 72' lang='lat' dir='ltr'>supersunt,</span> <span class='ocrx_word' id='word_1_11' title='bbox 1516 701 1519 711; x_wconf 95' lang='lat'><em>.</em></span> 
     </span>
     <span class='ocr_line' id='line_1_3' title="bbox 501 745 1287 832; baseline 0.003 -20"><span class='ocrx_word' id='word_1_12' title='bbox 501 746 578 812; x_wconf 82' lang='lat' dir='ltr'><strong>Cum</strong></span> <span class='ocrx_word' id='word_1_13' title='bbox 602 747 701 814; x_wconf 85' lang='lat' dir='ltr'><strong>venia</strong></span> <span class='ocrx_word' id='word_1_14' title='bbox 724 745 834 829; x_wconf 78' lang='lat' dir='ltr'>facito,</span> <span class='ocrx_word' id='word_1_15' title='bbox 857 748 1004 828; x_wconf 87' lang='lat' dir='ltr'><strong>quisquis</strong></span> <span class='ocrx_word' id='word_1_16' title='bbox 1027 767 1071 832; x_wconf 86' lang='lat' dir='ltr'><strong>es,</strong></span> <span class='ocrx_word' id='word_1_17' title='bbox 1094 748 1161 815; x_wconf 82' lang='lat' dir='ltr'><strong>ista</strong></span> <span class='ocrx_word' id='word_1_18' title='bbox 1183 749 1287 831; x_wconf 83' lang='lat' dir='ltr'><strong>legasl</strong></span> 
     </span>
     <span class='ocr_line' id='line_1_4' title="bbox 399 853 1582 940; baseline 0.007 -22"><span class='ocrx_word' id='word_1_19' title='bbox 399 878 440 919; x_wconf 71' lang='grc' dir='ltr'><strong>ιιι</strong></span> <span class='ocrx_word' id='word_1_20' title='bbox 455 854 506 919; x_wconf 81' lang='lat' dir='ltr'><strong>Tu</strong></span> <span class='ocrx_word' id='word_1_21' title='bbox 530 872 656 934; x_wconf 86' lang='lat' dir='ltr'><strong>quoque</strong></span> <span class='ocrx_word' id='word_1_22' title='bbox 678 871 743 920; x_wconf 91' lang='lat' dir='ltr'><strong>non</strong></span> <span class='ocrx_word' id='word_1_23' title='bbox 765 853 889 934; x_wconf 90' lang='lat' dir='ltr'><strong>melius,</strong></span> <span class='ocrx_word' id='word_1_24' title='bbox 912 873 1009 934; x_wconf 91' lang='lat' dir='ltr'><strong>quam</strong></span> <span class='ocrx_word' id='word_1_25' title='bbox 1032 860 1109 921; x_wconf 83' lang='lat' dir='ltr'><strong>sunt</strong></span> <span class='ocrx_word' id='word_1_26' title='bbox 1131 873 1204 921; x_wconf 84' lang='lat' dir='ltr'><strong>mea</strong></span> <span class='ocrx_word' id='word_1_27' title='bbox 1225 859 1381 940; x_wconf 84' lang='lat' dir='ltr'><strong>tempora,</strong></span> <span class='ocrx_word' id='word_1_28' title='bbox 1404 874 1544 940; x_wconf 75' lang='lat' dir='ltr'><strong>carmen,</strong></span> <span class='ocrx_word' id='word_1_29' title='bbox 1581 920 1582 926; x_wconf 73' lang='grc'>,</span> 
     </span>
     <span class='ocr_line' id='line_1_5' title="bbox 500 959 1204 1044; baseline 0.004 -20"><span class='ocrx_word' id='word_1_30' title='bbox 500 959 683 1025; x_wconf 78' lang='lat' dir='ltr'><strong>interdieta</strong></span> <span class='ocrx_word' id='word_1_31' title='bbox 705 959 793 1042; x_wconf 84' lang='lat' dir='ltr'>mihi,</span> <span class='ocrx_word' id='word_1_32' title='bbox 816 961 955 1044; x_wconf 83' lang='lat' dir='ltr'><strong>consule,</strong></span> <span class='ocrx_word' id='word_1_33' title='bbox 978 960 1091 1044; x_wconf 87' lang='lat' dir='ltr'><strong>Roma,</strong></span> <span class='ocrx_word' id='word_1_34' title='bbox 1114 961 1204 1028; x_wconf 85' lang='lat' dir='ltr'><strong>boni!</strong></span> 
     </span>
    </p>
   </div>
   <div class='ocr_carea' id='block_1_3' title="bbox 734 1169 1197 1394">
    <p class='ocr_par' dir='ltr' id='par_1_3' title="bbox 734 1169 1197 1394">
     <span class='ocr_line' id='line_1_6' title="bbox 804 1169 1133 1256; baseline 0.006 -19"><span class='ocrx_word' id='word_1_35' title='bbox 804 1169 1133 1256; x_wconf 53' lang='lat' dir='ltr'><strong>mffimwm</strong></span> 
     </span>
     <span class='ocr_line' id='line_1_7' title="bbox 734 1308 1197 1394; baseline 0.009 -19"><span class='ocrx_word' id='word_1_36' title='bbox 734 1308 902 1376; x_wconf 71' lang='lat' dir='ltr'><strong>liberius</strong></span> <span class='ocrx_word' id='word_1_37' title='bbox 925 1309 1197 1394; x_wconf 68' lang='lat' dir='ltr'><strong>Triumphum.</strong></span> 
     </span>
    </p>
   </div>
   <div class='ocr_carea' id='block_1_4' title="bbox 341 1446 1466 3699">
    <p class='ocr_par' dir='ltr' id='par_1_4' title="bbox 341 1446 1466 3699">
     <span class='ocr_line' id='line_1_8' title="bbox 457 1446 1342 1535; baseline 0.007 -23"><span class='ocrx_word' id='word_1_38' title='bbox 457 1446 528 1514; x_wconf 88' lang='lat' dir='ltr'><strong>Iam</strong></span> <span class='ocrx_word' id='word_1_39' title='bbox 550 1447 623 1513; x_wconf 84' lang='lat' dir='ltr'><strong>fera</strong></span> <span class='ocrx_word' id='word_1_40' title='bbox 646 1447 840 1515; x_wconf 83' lang='lat' dir='ltr'><strong>Gaesanibus</strong></span> <span class='ocrx_word' id='word_1_41' title='bbox 863 1448 1048 1532; x_wconf 79' lang='lat' dir='ltr'>Germania,</span> <span class='ocrx_word' id='word_1_42' title='bbox 1071 1455 1162 1516; x_wconf 81' lang='lat' dir='ltr'><strong>totus</strong></span> <span class='ocrx_word' id='word_1_43' title='bbox 1185 1452 1342 1535; x_wconf 73' lang='lat' dir='ltr'><strong>siurbia,</strong></span> 
     </span>
     <span class='ocr_line' id='line_1_9' title="bbox 503 1554 1187 1640; baseline 0.004 -22"><span class='ocrx_word' id='word_1_44' title='bbox 503 1554 602 1618; x_wconf 80' lang='lat' dir='ltr'>Victa</span> <span class='ocrx_word' id='word_1_45' title='bbox 623 1559 734 1635; x_wconf 80' lang='lat' dir='ltr'><strong>potest</strong></span> <span class='ocrx_word' id='word_1_46' title='bbox 755 1554 838 1621; x_wconf 84' lang='lat' dir='ltr'><strong>flexo</strong></span> <span class='ocrx_word' id='word_1_47' title='bbox 862 1557 1069 1622; x_wconf 82' lang='lat' dir='ltr'><strong>succubuisse</strong></span> <span class='ocrx_word' id='word_1_48' title='bbox 1092 1575 1187 1640; x_wconf 80' lang='lat' dir='ltr'><strong>genu,</strong></span> 
     </span>
     <span class='ocr_line' id='line_1_10' title="bbox 459 1658 1225 1748; baseline 0.005 -24"><span class='ocrx_word' id='word_1_49' title='bbox 459 1658 603 1741; x_wconf 80' lang='lat' dir='ltr'><strong>Altaque</strong></span> <span class='ocrx_word' id='word_1_50' title='bbox 625 1661 777 1728; x_wconf 82' lang='lat' dir='ltr'><strong>velentur</strong></span> <span class='ocrx_word' id='word_1_51' title='bbox 799 1662 940 1728; x_wconf 81' lang='lat' dir='ltr'><strong>fortasse</strong></span> <span class='ocrx_word' id='word_1_52' title='bbox 963 1662 1097 1729; x_wconf 81' lang='lat' dir='ltr'>Palatia</span> <span class='ocrx_word' id='word_1_53' title='bbox 1119 1664 1225 1748; x_wconf 77' lang='lat' dir='ltr'><strong>serbis,</strong></span> 
     </span>
     <span class='ocr_line' id='line_1_11' title="bbox 504 1766 1301 1853; baseline 0.005 -22"><span class='ocrx_word' id='word_1_54' title='bbox 504 1766 657 1847; x_wconf 81' lang='lat' dir='ltr'><strong>Turaque</strong></span> <span class='ocrx_word' id='word_1_55' title='bbox 680 1767 714 1833; x_wconf 91' lang='lat' dir='ltr'><strong>in</strong></span> <span class='ocrx_word' id='word_1_56' title='bbox 735 1768 812 1851; x_wconf 82' lang='lat' dir='ltr'><strong>igne</strong></span> <span class='ocrx_word' id='word_1_57' title='bbox 835 1774 951 1834; x_wconf 81' lang='lat' dir='ltr'><strong>sonent</strong></span> <span class='ocrx_word' id='word_1_58' title='bbox 972 1769 1184 1850; x_wconf 80' lang='lat' dir='ltr'><strong>inficiantque</strong></span> <span class='ocrx_word' id='word_1_59' title='bbox 1207 1771 1301 1853; x_wconf 85' lang='lat' dir='ltr'><strong>diem,</strong></span> 
     </span>
     <span class='ocr_line' id='line_1_12' title="bbox 431 1872 1278 1958; baseline 0.008 -22"><span class='ocrx_word' id='word_1_60' title='bbox 431 1872 670 1953; x_wconf 72' lang='lat' dir='ltr'><strong>scandidaque</strong></span> <span class='ocrx_word' id='word_1_61' title='bbox 693 1875 835 1940; x_wconf 82' lang='lat' dir='ltr'><strong>adducta</strong></span> <span class='ocrx_word' id='word_1_62' title='bbox 857 1877 974 1940; x_wconf 77' lang='lat' dir='ltr'><strong>collum</strong></span> <span class='ocrx_word' id='word_1_63' title='bbox 996 1895 1150 1958; x_wconf 86' lang='lat' dir='ltr'><strong>pereussa</strong></span> <span class='ocrx_word' id='word_1_64' title='bbox 1172 1877 1278 1943; x_wconf 85' lang='lat' dir='ltr'><strong>seeun&#39;</strong></span> 
     </span>
     <span class='ocr_line' id='line_1_13' title="bbox 504 1979 1333 2068; baseline 0.007 -25"><span class='ocrx_word' id='word_1_65' title='bbox 504 1979 649 2044; x_wconf 79' lang='lat' dir='ltr'>Victima</span> <span class='ocrx_word' id='word_1_66' title='bbox 671 1999 832 2061; x_wconf 81' lang='lat' dir='ltr'><strong>puipureo</strong></span> <span class='ocrx_word' id='word_1_67' title='bbox 856 1983 1015 2064; x_wconf 85' lang='lat' dir='ltr'><strong>sanguine</strong></span> <span class='ocrx_word' id='word_1_68' title='bbox 1037 1983 1171 2065; x_wconf 80' lang='lat' dir='ltr'><strong>tinguat</strong></span> <span class='ocrx_word' id='word_1_69' title='bbox 1193 1985 1333 2068; x_wconf 91' lang='lat' dir='ltr'><strong>humum,</strong></span> 
     </span>
     <span class='ocr_line' id='line_1_14' title="bbox 459 2085 1304 2169; baseline 0.008 -20"><span class='ocrx_word' id='word_1_70' title='bbox 459 2085 618 2166; x_wconf 85' lang='lat' dir='ltr'><strong>Donaque</strong></span> <span class='ocrx_word' id='word_1_71' title='bbox 641 2087 816 2152; x_wconf 81' lang='lat' dir='ltr'><strong>amicorum</strong></span> <span class='ocrx_word' id='word_1_72' title='bbox 838 2089 969 2168; x_wconf 78' lang='lat' dir='ltr'><strong>templis</strong></span> <span class='ocrx_word' id='word_1_73' title='bbox 992 2089 1151 2169; x_wconf 86' lang='lat' dir='ltr'><strong>promissa</strong></span> <span class='ocrx_word' id='word_1_74' title='bbox 1174 2092 1304 2156; x_wconf 86' lang='lat' dir='ltr'><strong>deorum</strong></span> 
     </span>
     <span class='ocr_line' id='line_1_15' title="bbox 505 2192 1273 2278; baseline 0.005 -22"><span class='ocrx_word' id='word_1_75' title='bbox 505 2192 654 2257; x_wconf 88' lang='lat' dir='ltr'><strong>Reddere</strong></span> <span class='ocrx_word' id='word_1_76' title='bbox 677 2193 819 2260; x_wconf 79' lang='lat' dir='ltr'><strong>victores</strong></span> <span class='ocrx_word' id='word_1_77' title='bbox 843 2193 963 2259; x_wconf 82' lang='lat' dir='ltr'><strong>Caesar</strong></span> <span class='ocrx_word' id='word_1_78' title='bbox 987 2199 1124 2275; x_wconf 81' lang='lat' dir='ltr'><strong>uterque</strong></span> <span class='ocrx_word' id='word_1_79' title='bbox 1147 2201 1273 2278; x_wconf 82' lang='lat' dir='ltr'><strong>parem,</strong></span> 
     </span>
     <span class='ocr_line' id='line_1_16' title="bbox 460 2297 1343 2384; baseline 0.006 -22"><span class='ocrx_word' id='word_1_80' title='bbox 460 2297 508 2362; x_wconf 80' lang='lat' dir='ltr'><strong>Et</strong></span> <span class='ocrx_word' id='word_1_81' title='bbox 531 2298 587 2378; x_wconf 91' lang='lat' dir='ltr'><strong>qui</strong></span> <span class='ocrx_word' id='word_1_82' title='bbox 610 2297 768 2364; x_wconf 79' lang='lat' dir='ltr'><strong>Caesareo</strong></span> <span class='ocrx_word' id='word_1_83' title='bbox 790 2301 926 2366; x_wconf 89' lang='lat' dir='ltr'><strong>iuvenes</strong></span> <span class='ocrx_word' id='word_1_84' title='bbox 949 2301 1009 2366; x_wconf 91' lang='lat' dir='ltr'><strong>sub</strong></span> <span class='ocrx_word' id='word_1_85' title='bbox 1032 2301 1161 2366; x_wconf 91' lang='lat' dir='ltr'><strong>nomine</strong></span> <span class='ocrx_word' id='word_1_86' title='bbox 1184 2307 1343 2384; x_wconf 82' lang='lat' dir='ltr'><strong>creseunt,</strong></span> 
     </span>
     <span class='ocr_line' id='line_1_17' title="bbox 418 2404 1215 2490; baseline 0.001 -23"><span class='ocrx_word' id='word_1_87' title='bbox 418 2429 445 2467; x_wconf 79' lang='grc' dir='ltr'><strong>ιο</strong></span> <span class='ocrx_word' id='word_1_88' title='bbox 504 2404 668 2485; x_wconf 83' lang='lat' dir='ltr'><strong>Perpetuo</strong></span> <span class='ocrx_word' id='word_1_89' title='bbox 691 2409 798 2471; x_wconf 79' lang='lat' dir='ltr'><strong>terras</strong></span> <span class='ocrx_word' id='word_1_90' title='bbox 820 2410 859 2471; x_wconf 86' lang='lat' dir='ltr'><strong>ut</strong></span> <span class='ocrx_word' id='word_1_91' title='bbox 883 2409 993 2472; x_wconf 87' lang='lat' dir='ltr'><strong>domus</strong></span> <span class='ocrx_word' id='word_1_92' title='bbox 1016 2406 1075 2471; x_wconf 89' lang='lat' dir='ltr'><strong>illa</strong></span> <span class='ocrx_word' id='word_1_93' title='bbox 1097 2410 1215 2490; x_wconf 62' lang='lat' dir='ltr'><strong>regat„</strong></span> 
     </span>
     <span class='ocr_line' id='line_1_18' title="bbox 463 2509 1327 2595; baseline 0.005 -20"><span class='ocrx_word' id='word_1_94' title='bbox 463 2509 606 2591; x_wconf 84' lang='lat' dir='ltr'><strong>Cumque</strong></span> <span class='ocrx_word' id='word_1_95' title='bbox 627 2511 721 2577; x_wconf 87' lang='lat' dir='ltr'><strong>bouis</strong></span> <span class='ocrx_word' id='word_1_96' title='bbox 744 2512 880 2578; x_wconf 77' lang='lat' dir='ltr'><strong>nuribus</strong></span> <span class='ocrx_word' id='word_1_97' title='bbox 902 2532 961 2595; x_wconf 90' lang='lat' dir='ltr'><strong>pro</strong></span> <span class='ocrx_word' id='word_1_98' title='bbox 984 2513 1107 2595; x_wconf 83' lang='lat' dir='ltr'><strong>sospite</strong></span> <span class='ocrx_word' id='word_1_99' title='bbox 1128 2513 1227 2579; x_wconf 87' lang='lat' dir='ltr'>Livia</span> <span class='ocrx_word' id='word_1_100' title='bbox 1249 2518 1327 2580; x_wconf 83' lang='lat' dir='ltr'><strong>nato</strong></span> 
     </span>
     <span class='ocr_line' id='line_1_19' title="bbox 506 2617 1255 2704; baseline 0.007 -23"><span class='ocrx_word' id='word_1_101' title='bbox 506 2617 645 2682; x_wconf 83' lang='lat' dir='ltr'><strong>Munera</strong></span> <span class='ocrx_word' id='word_1_102' title='bbox 668 2618 723 2683; x_wconf 80' lang='lat' dir='ltr'><strong>det</strong></span> <span class='ocrx_word' id='word_1_103' title='bbox 746 2620 881 2703; x_wconf 76' lang='lat' dir='ltr'><strong>meritis,</strong></span> <span class='ocrx_word' id='word_1_104' title='bbox 904 2638 1002 2702; x_wconf 88' lang='lat' dir='ltr'><strong>saepe</strong></span> <span class='ocrx_word' id='word_1_105' title='bbox 1026 2621 1154 2704; x_wconf 81' lang='lat' dir='ltr'><strong>datura,</strong></span> <span class='ocrx_word' id='word_1_106' title='bbox 1178 2620 1255 2702; x_wconf 87' lang='lat' dir='ltr'><strong>deis,</strong></span> 
     </span>
     <span class='ocr_line' id='line_1_20' title="bbox 341 2721 1348 2806; baseline 0.006 -19"><span class='ocrx_word' id='word_1_107' title='bbox 341 2721 353 2736; x_wconf 85' lang='grc'><strong>’”</strong></span> <span class='ocrx_word' id='word_1_108' title='bbox 461 2723 509 2788; x_wconf 79' lang='lat' dir='ltr'><strong>Et</strong></span> <span class='ocrx_word' id='word_1_109' title='bbox 531 2724 657 2805; x_wconf 87' lang='lat' dir='ltr'><strong>pariter</strong></span> <span class='ocrx_word' id='word_1_110' title='bbox 679 2729 801 2790; x_wconf 88' lang='lat' dir='ltr'><strong>matres</strong></span> <span class='ocrx_word' id='word_1_111' title='bbox 825 2730 859 2790; x_wconf 81' lang='lat' dir='ltr'><strong>et</strong></span> <span class='ocrx_word' id='word_1_112' title='bbox 882 2744 965 2806; x_wconf 91' lang='lat' dir='ltr'><strong>quae</strong></span> <span class='ocrx_word' id='word_1_113' title='bbox 988 2726 1059 2791; x_wconf 90' lang='lat' dir='ltr'><strong>sine</strong></span> <span class='ocrx_word' id='word_1_114' title='bbox 1082 2726 1216 2791; x_wconf 82' lang='lat' dir='ltr'><strong>erimine</strong></span> <span class='ocrx_word' id='word_1_115' title='bbox 1240 2733 1348 2793; x_wconf 82' lang='lat' dir='ltr'><strong>castos</strong></span> 
     </span>
     <span class='ocr_line' id='line_1_21' title="bbox 507 2830 1172 2915; baseline 0.003 -20"><span class='ocrx_word' id='word_1_116' title='bbox 507 2830 673 2912; x_wconf 76' lang='lat' dir='ltr'><strong>Perpetua</strong></span> <span class='ocrx_word' id='word_1_117' title='bbox 695 2837 831 2899; x_wconf 82' lang='lat' dir='ltr'><strong>servant</strong></span> <span class='ocrx_word' id='word_1_118' title='bbox 853 2833 1048 2915; x_wconf 80' lang='lat' dir='ltr'><strong>virginitate</strong></span> <span class='ocrx_word' id='word_1_119' title='bbox 1070 2831 1172 2914; x_wconf 84' lang='lat' dir='ltr'><strong>focos;</strong></span> 
     </span>
     <span class='ocr_line' id='line_1_22' title="bbox 420 2937 1324 3021; baseline 0.003 -20"><span class='ocrx_word' id='word_1_120' title='bbox 420 2963 446 3002; x_wconf 86' lang='lat'><strong>15</strong></span> <span class='ocrx_word' id='word_1_121' title='bbox 461 2937 561 3002; x_wconf 92' lang='lat' dir='ltr'><strong>Plebs</strong></span> <span class='ocrx_word' id='word_1_122' title='bbox 584 2938 640 3018; x_wconf 87' lang='lat' dir='ltr'><strong>pia</strong></span> <span class='ocrx_word' id='word_1_123' title='bbox 662 2957 797 3018; x_wconf 87' lang='lat' dir='ltr'><strong>eumque</strong></span> <span class='ocrx_word' id='word_1_124' title='bbox 819 2939 876 3020; x_wconf 94' lang='lat' dir='ltr'><strong>pia</strong></span> <span class='ocrx_word' id='word_1_125' title='bbox 898 2939 1042 3004; x_wconf 81' lang='lat' dir='ltr'><strong>laetetur</strong></span> <span class='ocrx_word' id='word_1_126' title='bbox 1065 2937 1160 3019; x_wconf 90' lang='lat' dir='ltr'><strong>plebe</strong></span> <span class='ocrx_word' id='word_1_127' title='bbox 1183 2944 1324 3021; x_wconf 79' lang='lat' dir='ltr'><strong>senatus,</strong></span> 
     </span>
     <span class='ocr_line' id='line_1_23' title="bbox 508 3044 1359 3130; baseline 0.001 -21"><span class='ocrx_word' id='word_1_128' title='bbox 508 3044 683 3124; x_wconf 87' lang='lat' dir='ltr'><strong>Parvaque</strong></span> <span class='ocrx_word' id='word_1_129' title='bbox 706 3046 798 3110; x_wconf 88' lang='lat' dir='ltr'><strong>euius</strong></span> <span class='ocrx_word' id='word_1_130' title='bbox 822 3064 909 3110; x_wconf 85' lang='lat' dir='ltr'><strong>eram</strong></span> <span class='ocrx_word' id='word_1_131' title='bbox 933 3063 1010 3126; x_wconf 84' lang='lat' dir='ltr'><strong>pars</strong></span> <span class='ocrx_word' id='word_1_132' title='bbox 1034 3063 1093 3128; x_wconf 85' lang='lat' dir='ltr'><strong>ego</strong></span> <span class='ocrx_word' id='word_1_133' title='bbox 1117 3064 1229 3130; x_wconf 85' lang='lat' dir='ltr'><strong>nuper,</strong></span> <span class='ocrx_word' id='word_1_134' title='bbox 1252 3063 1359 3126; x_wconf 85' lang='lat' dir='ltr'><strong>eques.</strong></span> 
     </span>
     <span class='ocr_line' id='line_1_24' title="bbox 464 3149 1338 3235; baseline 0.003 -21"><span class='ocrx_word' id='word_1_135' title='bbox 464 3149 530 3215; x_wconf 88' lang='lat' dir='ltr'><strong>Nos</strong></span> <span class='ocrx_word' id='word_1_136' title='bbox 553 3149 664 3230; x_wconf 84' lang='lat' dir='ltr'><strong>procul</strong></span> <span class='ocrx_word' id='word_1_137' title='bbox 687 3152 838 3232; x_wconf 85' lang='lat' dir='ltr'><strong>expulsos</strong></span> <span class='ocrx_word' id='word_1_138' title='bbox 861 3152 1041 3218; x_wconf 87' lang='lat' dir='ltr'><strong>eommunia</strong></span> <span class='ocrx_word' id='word_1_139' title='bbox 1063 3151 1186 3235; x_wconf 84' lang='lat' dir='ltr'><strong>gaudia</strong></span> <span class='ocrx_word' id='word_1_140' title='bbox 1207 3151 1338 3235; x_wconf 77' lang='lat' dir='ltr'><strong>fallunt,</strong></span> 
     </span>
     <span class='ocr_line' id='line_1_25' title="bbox 509 3254 1311 3340; baseline 0.004 -20"><span class='ocrx_word' id='word_1_141' title='bbox 509 3254 677 3336; x_wconf 86' lang='lat' dir='ltr'><strong>Famaque</strong></span> <span class='ocrx_word' id='word_1_142' title='bbox 700 3261 768 3322; x_wconf 84' lang='lat' dir='ltr'><strong>tam</strong></span> <span class='ocrx_word' id='word_1_143' title='bbox 790 3259 887 3340; x_wconf 88' lang='lat' dir='ltr'><strong>longe</strong></span> <span class='ocrx_word' id='word_1_144' title='bbox 909 3277 974 3324; x_wconf 90' lang='lat' dir='ltr'><strong>non</strong></span> <span class='ocrx_word' id='word_1_145' title='bbox 996 3258 1061 3324; x_wconf 89' lang='lat' dir='ltr'><strong>nisi</strong></span> <span class='ocrx_word' id='word_1_146' title='bbox 1081 3278 1188 3340; x_wconf 86' lang='lat' dir='ltr'><strong>parva</strong></span> <span class='ocrx_word' id='word_1_147' title='bbox 1210 3258 1311 3324; x_wconf 78' lang='lat' dir='ltr'><strong>veuit.</strong></span> 
     </span>
     <span class='ocr_line' id='line_1_26' title="bbox 387 3361 1371 3447; baseline 0.004 -21"><span class='ocrx_word' id='word_1_148' title='bbox 387 3405 389 3409; x_wconf 30' lang='grc' dir='ltr'>ψ</span> <span class='ocrx_word' id='word_1_149' title='bbox 464 3362 554 3444; x_wconf 85' lang='lat' dir='ltr'>Ergo</span> <span class='ocrx_word' id='word_1_150' title='bbox 579 3361 681 3428; x_wconf 92' lang='lat' dir='ltr'><strong>omnis</strong></span> <span class='ocrx_word' id='word_1_151' title='bbox 702 3364 840 3445; x_wconf 89' lang='lat' dir='ltr'><strong>populus</strong></span> <span class='ocrx_word' id='word_1_152' title='bbox 862 3364 987 3446; x_wconf 80' lang='lat' dir='ltr'><strong>peterit</strong></span> <span class='ocrx_word' id='word_1_153' title='bbox 1008 3368 1159 3445; x_wconf 79' lang='lat' dir='ltr'><strong>spectare</strong></span> <span class='ocrx_word' id='word_1_154' title='bbox 1181 3365 1371 3447; x_wconf 82' lang='lat' dir='ltr'><strong>triumphos,</strong></span> 
     </span>
     <span class='ocr_line' id='line_1_27' title="bbox 421 3468 1307 3554; baseline 0.006 -23"><span class='ocrx_word' id='word_1_155' title='bbox 421 3493 449 3531; x_wconf 71' lang='lat' dir='ltr'><strong>ao</strong></span> <span class='ocrx_word' id='word_1_156' title='bbox 510 3468 652 3549; x_wconf 84' lang='lat' dir='ltr'><strong>Cumque</strong></span> <span class='ocrx_word' id='word_1_157' title='bbox 675 3471 792 3536; x_wconf 86' lang='lat' dir='ltr'><strong>dueum</strong></span> <span class='ocrx_word' id='word_1_158' title='bbox 815 3471 921 3536; x_wconf 82' lang='lat' dir='ltr'><strong>titulis</strong></span> <span class='ocrx_word' id='word_1_159' title='bbox 945 3471 1065 3552; x_wconf 85' lang='lat' dir='ltr'><strong>oppida</strong></span> <span class='ocrx_word' id='word_1_160' title='bbox 1088 3476 1187 3553; x_wconf 79' lang='lat' dir='ltr'><strong>capta</strong></span> <span class='ocrx_word' id='word_1_161' title='bbox 1209 3471 1307 3554; x_wconf 81' lang='lat' dir='ltr'><strong>leget,</strong></span> 
     </span>
     <span class='ocr_line' id='line_1_28' title="bbox 384 3623 1466 3699; baseline -0.003 -18"><span class='ocrx_word' id='word_1_162' title='bbox 384 3625 447 3681; x_wconf 83' lang='lat'>104.</span> <span class='ocrx_word' id='word_1_163' title='bbox 482 3623 630 3693; x_wconf 76' lang='lat' dir='ltr'><strong>facito]&#39;zu</strong></span> <span class='ocrx_word' id='word_1_164' title='bbox 648 3626 730 3695; x_wconf 76' lang='lat' dir='ltr'><strong>lepus.</strong></span> <span class='ocrx_word' id='word_1_165' title='bbox 1066 3627 1095 3681; x_wconf 82' lang='grc'><strong>1.</strong></span> <span class='ocrx_word' id='word_1_166' title='bbox 1131 3625 1266 3699; x_wconf 74' lang='lat' dir='ltr'><strong>inficiant]</strong></span> <span class='ocrx_word' id='word_1_167' title='bbox 1286 3625 1466 3680; x_wconf 83' lang='lat' dir='ltr'><strong>verdunkeln.</strong></span> 
     </span>
    </p>
   </div>
   <div class='ocr_carea' id='block_1_5' title="bbox 333 3694 1620 4388">
    <p class='ocr_par' dir='ltr' id='par_1_5' title="bbox 333 3694 1620 4388">
     <span class='ocr_line' id='line_1_29' title="bbox 385 3694 1539 3770; baseline -0.003 -20"><span class='ocrx_word' id='word_1_168' title='bbox 385 3695 447 3750; x_wconf 77' lang='lat'><strong>106.</strong></span> <span class='ocrx_word' id='word_1_169' title='bbox 483 3694 594 3761; x_wconf 71' lang='lat' dir='ltr'><strong>aliquid</strong></span> <span class='ocrx_word' id='word_1_170' title='bbox 612 3695 678 3749; x_wconf 75' lang='lat' dir='ltr'><strong>boni</strong></span> <span class='ocrx_word' id='word_1_171' title='bbox 694 3697 953 3770; x_wconf 74' lang='lat' dir='ltr'><strong>consulerel=mit</strong></span> <span class='ocrx_word' id='word_1_172' title='bbox 1066 3695 1095 3751; x_wconf 88' lang='lat'><strong>8.</strong></span> <span class='ocrx_word' id='word_1_173' title='bbox 1135 3695 1239 3751; x_wconf 77' lang='lat' dir='ltr'><strong>Caesar</strong></span> <span class='ocrx_word' id='word_1_174' title='bbox 1255 3697 1378 3766; x_wconf 73' lang='lat' dir='ltr'><strong>uterque]</strong></span> <span class='ocrx_word' id='word_1_175' title='bbox 1396 3696 1447 3749; x_wconf 87' lang='lat' dir='ltr'><strong>wie</strong></span> <span class='ocrx_word' id='word_1_176' title='bbox 1466 3695 1502 3751; x_wconf 88' lang='lat' dir='ltr'><strong>V.</strong></span> <span class='ocrx_word' id='word_1_177' title='bbox 1516 3696 1539 3748; x_wconf 93' lang='lat'><strong>1.</strong></span> 
     </span>
     <span class='ocr_line' id='line_1_30' title="bbox 333 3764 1619 3836; baseline -0.001 -16"><span class='ocrx_word' id='word_1_178' title='bbox 333 3773 418 3820; x_wconf 78' lang='lat' dir='ltr'><strong>etwas</strong></span> <span class='ocrx_word' id='word_1_179' title='bbox 437 3764 544 3818; x_wconf 88' lang='lat' dir='ltr'><strong>vorlieb</strong></span> <span class='ocrx_word' id='word_1_180' title='bbox 563 3764 690 3818; x_wconf 88' lang='lat' dir='ltr'><strong>nehmen.</strong></span> <span class='ocrx_word' id='word_1_181' title='bbox 1065 3766 1094 3821; x_wconf 79' lang='lat' dir='ltr'><strong>b.</strong></span> <span class='ocrx_word' id='word_1_182' title='bbox 1131 3765 1315 3820; x_wconf 80' lang='lat' dir='ltr'><strong>Germanicus</strong></span> <span class='ocrx_word' id='word_1_183' title='bbox 1346 3765 1402 3818; x_wconf 87' lang='lat' dir='ltr'><strong>und</strong></span> <span class='ocrx_word' id='word_1_184' title='bbox 1428 3765 1478 3819; x_wconf 84' lang='lat' dir='ltr'><strong>der</strong></span> <span class='ocrx_word' id='word_1_185' title='bbox 1500 3767 1619 3836; x_wconf 84' lang='lat' dir='ltr'><strong>jlingere</strong></span> 
     </span>
     <span class='ocr_line' id='line_1_31' title="bbox 402 3832 1112 3890; baseline -0.001 0"><span class='ocrx_word' id='word_1_186' title='bbox 402 3835 512 3890; x_wconf 68' lang='lat' dir='ltr'><strong>M.</strong></span> <span class='ocrx_word' id='word_1_187' title='bbox 530 3832 574 3885; x_wconf 88' lang='lat' dir='ltr'><strong>Im</strong></span> <span class='ocrx_word' id='word_1_188' title='bbox 583 3832 680 3888; x_wconf 80' lang='lat' dir='ltr'><strong>Geiste</strong></span> <span class='ocrx_word' id='word_1_189' title='bbox 692 3834 766 3888; x_wconf 88' lang='lat' dir='ltr'><strong>sieht</strong></span> <span class='ocrx_word' id='word_1_190' title='bbox 774 3834 823 3888; x_wconf 88' lang='lat' dir='ltr'><strong>der</strong></span> <span class='ocrx_word' id='word_1_191' title='bbox 832 3835 953 3890; x_wconf 79' lang='lat' dir='ltr'><strong>Dichter</strong></span> <span class='ocrx_word' id='word_1_192' title='bbox 996 3835 1112 3890; x_wconf 86' lang='lat' dir='ltr'><strong>Drusus.</strong></span> 
     </span>
     <span class='ocr_line' id='line_1_32' title="bbox 333 3903 1619 3988; baseline -0.002 -30"><span class='ocrx_word' id='word_1_193' title='bbox 333 3905 387 3960; x_wconf 89' lang='lat' dir='ltr'><strong>deu</strong></span> <span class='ocrx_word' id='word_1_194' title='bbox 405 3905 543 3972; x_wconf 85' lang='lat' dir='ltr'><strong>Tiberius,</strong></span> <span class='ocrx_word' id='word_1_195' title='bbox 562 3903 612 3956; x_wconf 89' lang='lat' dir='ltr'><strong>der</strong></span> <span class='ocrx_word' id='word_1_196' title='bbox 629 3904 659 3956; x_wconf 92' lang='lat' dir='ltr'><strong>in</strong></span> <span class='ocrx_word' id='word_1_197' title='bbox 677 3905 730 3958; x_wconf 88' lang='lat' dir='ltr'><strong>den</strong></span> <span class='ocrx_word' id='word_1_198' title='bbox 746 3904 854 3959; x_wconf 80' lang='lat' dir='ltr'><strong>Jahren</strong></span> <span class='ocrx_word' id='word_1_199' title='bbox 874 3905 907 3958; x_wconf 88' lang='grc'><strong>10</strong></span> <span class='ocrx_word' id='word_1_200' title='bbox 925 3922 951 3958; x_wconf 90' lang='lat' dir='ltr'><strong>u.</strong></span> <span class='ocrx_word' id='word_1_201' title='bbox 1048 3906 1094 3961; x_wconf 95' lang='grc'><strong>11.</strong></span> <span class='ocrx_word' id='word_1_202' title='bbox 1129 3905 1257 3988; x_wconf 78' lang='lat' dir='ltr'><strong>nuribus]</strong></span> <span class='ocrx_word' id='word_1_203' title='bbox 1277 3904 1400 3958; x_wconf 77' lang='lat' dir='ltr'><strong>niimlieh</strong></span> <span class='ocrx_word' id='word_1_204' title='bbox 1413 3904 1462 3958; x_wconf 89' lang='lat' dir='ltr'><strong>des</strong></span> <span class='ocrx_word' id='word_1_205' title='bbox 1473 3904 1619 3973; x_wconf 80' lang='lat' dir='ltr'><strong>Tiberius3</strong></span> 
     </span>
     <span class='ocr_line' id='line_1_33' title="bbox 335 3971 1619 4044; baseline -0.002 -16"><span class='ocrx_word' id='word_1_206' title='bbox 335 3976 366 4029; x_wconf 94' lang='grc'><strong>11</strong></span> <span class='ocrx_word' id='word_1_207' title='bbox 380 3993 406 4028; x_wconf 89' lang='lat' dir='ltr'><strong>n.</strong></span> <span class='ocrx_word' id='word_1_208' title='bbox 420 3974 485 4028; x_wconf 84' lang='lat' dir='ltr'><strong>Chr.</strong></span> <span class='ocrx_word' id='word_1_209' title='bbox 504 3975 533 4027; x_wconf 91' lang='lat' dir='ltr'><strong>in</strong></span> <span class='ocrx_word' id='word_1_210' title='bbox 551 3972 614 4026; x_wconf 89' lang='lat' dir='ltr'><strong>dem</strong></span> <span class='ocrx_word' id='word_1_211' title='bbox 627 3972 871 4027; x_wconf 79' lang='lat' dir='ltr'><strong>aulrlihrerisehen</strong></span> <span class='ocrx_word' id='word_1_212' title='bbox 884 3974 953 4028; x_wconf 83' lang='lat' dir='ltr'><strong>Ger·</strong></span> <span class='ocrx_word' id='word_1_213' title='bbox 998 3975 1122 4044; x_wconf 81' lang='lat' dir='ltr'><strong>gemeint</strong></span> <span class='ocrx_word' id='word_1_214' title='bbox 1144 3974 1205 4026; x_wconf 87' lang='lat' dir='ltr'><strong>sind</strong></span> <span class='ocrx_word' id='word_1_215' title='bbox 1230 3974 1275 4028; x_wconf 78' lang='lat' dir='ltr'><strong>(he</strong></span> <span class='ocrx_word' id='word_1_216' title='bbox 1293 3973 1404 4028; x_wconf 80' lang='lat' dir='ltr'><strong>Frauen</strong></span> <span class='ocrx_word' id='word_1_217' title='bbox 1429 3975 1478 4027; x_wconf 89' lang='lat' dir='ltr'><strong>der</strong></span> <span class='ocrx_word' id='word_1_218' title='bbox 1500 3975 1530 4027; x_wconf 91' lang='lat' dir='ltr'><strong>in</strong></span> <span class='ocrx_word' id='word_1_219' title='bbox 1548 3971 1585 4028; x_wconf 85' lang='lat' dir='ltr'><strong>V.</strong></span> <span class='ocrx_word' id='word_1_220' title='bbox 1602 3974 1619 4026; x_wconf 82' lang='lat'>9</span> 
     </span>
     <span class='ocr_line' id='line_1_34' title="bbox 333 4041 1620 4115; baseline -0.001 -18"><span class='ocrx_word' id='word_1_221' title='bbox 333 4046 445 4098; x_wconf 84' lang='lat' dir='ltr'><strong>manien</strong></span> <span class='ocrx_word' id='word_1_222' title='bbox 462 4041 610 4115; x_wconf 68' lang='lat' dir='ltr'><strong>gekfimpft</strong></span> <span class='ocrx_word' id='word_1_223' title='bbox 627 4043 714 4110; x_wconf 80' lang='lat' dir='ltr'><strong>hatte,</strong></span> <span class='ocrx_word' id='word_1_224' title='bbox 735 4044 762 4097; x_wconf 89' lang='lat' dir='ltr'><strong>in</strong></span> <span class='ocrx_word' id='word_1_225' title='bbox 782 4043 854 4097; x_wconf 77' lang='lat' dir='ltr'><strong>Ilum</strong></span> <span class='ocrx_word' id='word_1_226' title='bbox 873 4045 954 4098; x_wconf 90' lang='lat' dir='ltr'><strong>einen</strong></span> <span class='ocrx_word' id='word_1_227' title='bbox 1018 4050 1155 4098; x_wconf 76' lang='lat' dir='ltr'><strong>enannten</strong></span> <span class='ocrx_word' id='word_1_228' title='bbox 1192 4042 1322 4098; x_wconf 78' lang='lat' dir='ltr'><strong>Prinaen:</strong></span> <span class='ocrx_word' id='word_1_229' title='bbox 1367 4042 1528 4114; x_wconf 80' lang='lat' dir='ltr'><strong>Agrippina</strong></span> <span class='ocrx_word' id='word_1_230' title='bbox 1563 4043 1620 4096; x_wconf 88' lang='lat' dir='ltr'><strong>und</strong></span> 
     </span>
     <span class='ocr_line' id='line_1_35' title="bbox 334 4062 1619 4235; baseline -0.003 -66"><span class='ocrx_word' id='word_1_231' title='bbox 334 4114 512 4186; x_wconf 81' lang='lat' dir='ltr'><strong>grossartigen</strong></span> <span class='ocrx_word' id='word_1_232' title='bbox 530 4112 669 4181; x_wconf 82' lang='lat' dir='ltr'><strong>Triumph</strong></span> <span class='ocrx_word' id='word_1_233' title='bbox 687 4112 784 4181; x_wconf 87' lang='lat' dir='ltr'><strong>feiern,</strong></span> <span class='ocrx_word' id='word_1_234' title='bbox 804 4113 857 4167; x_wconf 89' lang='lat' dir='ltr'><strong>den</strong></span> <span class='ocrx_word' id='word_1_235' title='bbox 875 4114 954 4166; x_wconf 85' lang='lat' dir='ltr'><strong>nieht</strong></span> <span class='ocrx_word' id='word_1_236' title='bbox 997 4062 1397 4235; x_wconf 58' lang='lat' dir='ltr'><strong>{iaia-LiviuLGemahlin</strong></span> <span class='ocrx_word' id='word_1_237' title='bbox 1410 4113 1458 4166; x_wconf 89' lang='lat' dir='ltr'><strong>des</strong></span> <span class='ocrx_word' id='word_1_238' title='bbox 1468 4113 1619 4183; x_wconf 80' lang='lat' dir='ltr'><strong>Augustus,</strong></span> 
     </span>
     <span class='ocr_line' id='line_1_36' title="bbox 334 4181 1329 4238; baseline -0.003 0"><span class='ocrx_word' id='word_1_239' title='bbox 334 4187 387 4238; x_wconf 82' lang='lat' dir='ltr'><strong>mit</strong></span> <span class='ocrx_word' id='word_1_240' title='bbox 404 4185 525 4238; x_wconf 87' lang='lat' dir='ltr'><strong>ansehen</strong></span> <span class='ocrx_word' id='word_1_241' title='bbox 543 4200 577 4236; x_wconf 81' lang='lat' dir='ltr'><strong>au</strong></span> <span class='ocrx_word' id='word_1_242' title='bbox 596 4181 694 4236; x_wconf 76' lang='lat' dir='ltr'><strong>duriam</strong></span> <span class='ocrx_word' id='word_1_243' title='bbox 713 4199 743 4236; x_wconf 87' lang='lat' dir='ltr'><strong>er</strong></span> <span class='ocrx_word' id='word_1_244' title='bbox 762 4183 878 4237; x_wconf 75' lang='lat' dir='ltr'><strong>auidas</strong></span> <span class='ocrx_word' id='word_1_245' title='bbox 896 4183 953 4237; x_wconf 94' lang='lat' dir='ltr'><strong>leb·</strong></span> <span class='ocrx_word' id='word_1_246' title='bbox 998 4183 1104 4236; x_wconf 76' lang='lat' dir='ltr'><strong>Mutter</strong></span> <span class='ocrx_word' id='word_1_247' title='bbox 1122 4184 1171 4236; x_wconf 88' lang='lat' dir='ltr'><strong>des</strong></span> <span class='ocrx_word' id='word_1_248' title='bbox 1190 4181 1226 4235; x_wconf 86' lang='lat' dir='ltr'><strong>Ti</strong></span> <span class='ocrx_word' id='word_1_249' title='bbox 1248 4184 1329 4236; x_wconf 86' lang='lat' dir='ltr'><strong>erius.</strong></span> 
     </span>
     <span class='ocr_line' id='line_1_37' title="bbox 335 4250 1414 4377; baseline -0.001 -70"><span class='ocrx_word' id='word_1_250' title='bbox 335 4254 457 4308; x_wconf 79' lang='lat' dir='ltr'><strong>hafteste</strong></span> <span class='ocrx_word' id='word_1_251' title='bbox 468 4254 612 4307; x_wconf 75' lang='lat' dir='ltr'><strong>bedaueri.</strong></span> <span class='ocrx_word' id='word_1_252' title='bbox 644 4252 677 4304; x_wconf 92' lang='lat' dir='ltr'><strong>In</strong></span> <span class='ocrx_word' id='word_1_253' title='bbox 690 4251 956 4307; x_wconf 79' lang='lat' dir='ltr'><strong>Wirkliehkeithat</strong></span> <span class='ocrx_word' id='word_1_254' title='bbox 1051 4253 1096 4307; x_wconf 73' lang='lat'><strong>13.</strong></span> <span class='ocrx_word' id='word_1_255' title='bbox 1132 4250 1414 4377; x_wconf 43' lang='lat' dir='ltr'><strong>matreskMatronen.</strong></span> 
     </span>
     <span class='ocr_line' id='line_1_38' title="bbox 336 4321 1619 4388; baseline -0.003 -10"><span class='ocrx_word' id='word_1_256' title='bbox 336 4322 562 4388; x_wconf 75' lang='lat' dir='ltr'><strong>nieht&#39;l&#39;iberius,</strong></span> <span class='ocrx_word' id='word_1_257' title='bbox 575 4321 693 4376; x_wconf 78' lang='lat' dir='ltr'><strong>eundern</strong></span> <span class='ocrx_word' id='word_1_258' title='bbox 706 4328 762 4376; x_wconf 78' lang='lat' dir='ltr'><strong>erst</strong></span> <span class='ocrx_word' id='word_1_259' title='bbox 775 4321 957 4377; x_wconf 79' lang='lat' dir='ltr'><strong>Germanicus</strong></span> <span class='ocrx_word' id='word_1_260' title='bbox 1052 4323 1097 4377; x_wconf 80' lang='lat' dir='ltr'><strong>lu.</strong></span> <span class='ocrx_word' id='word_1_261' title='bbox 1134 4321 1161 4375; x_wconf 94' lang='lat' dir='ltr'><strong>V</strong></span> <span class='ocrx_word' id='word_1_262' title='bbox 1181 4322 1200 4375; x_wconf 93' lang='lat' dir='ltr'><strong>l.</strong></span> <span class='ocrx_word' id='word_1_263' title='bbox 1255 4321 1376 4386; x_wconf 83' lang='lat'><strong>0.1,7.</strong></span> <span class='ocrx_word' id='word_1_264' title='bbox 1424 4321 1619 4376; x_wconf 84' lang='lat' dir='ltr'><strong>Konstruiere:</strong></span> 
     </span>
    </p>
   </div>
   <div class='ocr_carea' id='block_1_6' title="bbox 264 4389 1620 4674">
    <p class='ocr_par' dir='ltr' id='par_1_6' title="bbox 337 4389 1618 4532">
     <span class='ocr_line' id='line_1_39' title="bbox 337 4389 1618 4464; baseline -0.005 -15"><span class='ocrx_word' id='word_1_265' title='bbox 337 4393 504 4449; x_wconf 81' lang='lat' dir='ltr'><strong>Germanien</strong></span> <span class='ocrx_word' id='word_1_266' title='bbox 528 4391 764 4464; x_wconf 83' lang='lat' dir='ltr'><strong>niedsrgeworfeu</strong></span> <span class='ocrx_word' id='word_1_267' title='bbox 792 4393 956 4460; x_wconf 80' lang='lat'>(14-1611.</span> <span class='ocrx_word' id='word_1_268' title='bbox 1001 4398 1026 4446; x_wconf 85' lang='lat' dir='ltr'><strong>et</strong></span> <span class='ocrx_word' id='word_1_269' title='bbox 1050 4407 1131 4459; x_wconf 80' lang='lat' dir='ltr'><strong>eques</strong></span> <span class='ocrx_word' id='word_1_270' title='bbox 1154 4395 1164 4461; x_wconf 96' lang='lat'>(</span> <span class='ocrx_word' id='word_1_271' title='bbox 1195 4391 1324 4446; x_wconf 81' lang='lat' dir='ltr'><strong>ollektiv:</strong></span> <span class='ocrx_word' id='word_1_272' title='bbox 1354 4390 1399 4444; x_wconf 88' lang='lat' dir='ltr'><strong>die</strong></span> <span class='ocrx_word' id='word_1_273' title='bbox 1422 4389 1618 4456; x_wconf 78' lang='lat' dir='ltr'><strong>Ritterschait)</strong></span> 
     </span>
     <span class='ocr_line' id='line_1_40' title="bbox 337 4463 1541 4532; baseline -0.002 -16"><span class='ocrx_word' id='word_1_274' title='bbox 337 4464 421 4531; x_wconf 67' lang='lat' dir='ltr'>Cha).</span> <span class='ocrx_word' id='word_1_275' title='bbox 562 4472 565 4482; x_wconf 94' lang='grc'><strong><em>·</em></strong></span> <span class='ocrx_word' id='word_1_276' title='bbox 1001 4463 1080 4517; x_wconf 76' lang='lat' dir='ltr'><strong>euius</strong></span> <span class='ocrx_word' id='word_1_277' title='bbox 1098 4477 1145 4532; x_wconf 77' lang='lat' dir='ltr'><strong>epo</strong></span> <span class='ocrx_word' id='word_1_278' title='bbox 1163 4477 1252 4531; x_wconf 75' lang='lat' dir='ltr'><strong>nuper</strong></span> <span class='ocrx_word' id='word_1_279' title='bbox 1306 4475 1335 4514; x_wconf 82' lang='lat' dir='ltr'><strong>rs</strong></span> <span class='ocrx_word' id='word_1_280' title='bbox 1349 4477 1442 4529; x_wconf 78' lang='lat' dir='ltr'><strong>parve</strong></span> <span class='ocrx_word' id='word_1_281' title='bbox 1459 4475 1541 4514; x_wconf 69' lang='lat' dir='ltr'><strong>aum.</strong></span> 
     </span>
    </p>

    <p class='ocr_par' dir='ltr' id='par_1_7' title="bbox 264 4529 1620 4674">
     <span class='ocr_line' id='line_1_41' title="bbox 406 4529 1619 4602; baseline -0.006 -16"><span class='ocrx_word' id='word_1_282' title='bbox 406 4534 434 4588; x_wconf 88' lang='lat'><strong>1.</strong></span> <span class='ocrx_word' id='word_1_283' title='bbox 472 4531 647 4600; x_wconf 76' lang='lat' dir='ltr'><strong>Caesaribus]</strong></span> <span class='ocrx_word' id='word_1_284' title='bbox 665 4530 810 4602; x_wconf 79' lang='lat' dir='ltr'><strong>Augustus</strong></span> <span class='ocrx_word' id='word_1_285' title='bbox 834 4533 891 4586; x_wconf 89' lang='lat' dir='ltr'><strong>und</strong></span> <span class='ocrx_word' id='word_1_286' title='bbox 908 4532 956 4584; x_wconf 87' lang='lat' dir='ltr'><strong>Ti·</strong></span> <span class='ocrx_word' id='word_1_287' title='bbox 1053 4532 1098 4587; x_wconf 80' lang='grc'><strong>20.</strong></span> <span class='ocrx_word' id='word_1_288' title='bbox 1133 4532 1232 4601; x_wconf 72' lang='lat' dir='ltr'><strong>titulus]</strong></span> <span class='ocrx_word' id='word_1_289' title='bbox 1287 4545 1368 4584; x_wconf 87' lang='lat' dir='ltr'><strong>amen</strong></span> <span class='ocrx_word' id='word_1_290' title='bbox 1397 4529 1447 4583; x_wconf 83' lang='lat' dir='ltr'><strong>der</strong></span> <span class='ocrx_word' id='word_1_291' title='bbox 1476 4529 1619 4600; x_wconf 75' lang='lat' dir='ltr'><strong>besieglen</strong></span> 
     </span>
     <span class='ocr_line' id='line_1_42' title="bbox 264 4598 1620 4674; baseline -0.007 -15"><span class='ocrx_word' id='word_1_292' title='bbox 264 4653 267 4660; x_wconf 88' lang='lat'><em>.</em></span> <span class='ocrx_word' id='word_1_293' title='bbox 337 4604 436 4658; x_wconf 89' lang='lat' dir='ltr'><strong>berius.</strong></span> <span class='ocrx_word' id='word_1_294' title='bbox 1000 4601 1057 4654; x_wconf 91' lang='lat' dir='ltr'><strong>und</strong></span> <span class='ocrx_word' id='word_1_295' title='bbox 1069 4601 1244 4674; x_wconf 77' lang='lat' dir='ltr'><strong>gesangenen</strong></span> <span class='ocrx_word' id='word_1_296' title='bbox 1257 4598 1437 4668; x_wconf 83' lang='lat' dir='ltr'><strong>Heerfllhrer,</strong></span> <span class='ocrx_word' id='word_1_297' title='bbox 1455 4599 1501 4654; x_wconf 89' lang='lat' dir='ltr'><strong>die</strong></span> <span class='ocrx_word' id='word_1_298' title='bbox 1520 4599 1620 4653; x_wconf 85' lang='lat' dir='ltr'><strong>ebenso</strong></span> 
     </span>
    </p>
   </div>
   <div class='ocr_carea' id='block_1_7' title="bbox 0 0 1883 5292">
    <p class='ocr_par' dir='ltr' id='par_1_8' title="bbox 0 0 1883 5292">
     <span class='ocr_line' id='line_1_43' title="bbox 0 0 1883 5292; baseline 0 0"><span class='ocrx_word' id='word_1_299' title='bbox 0 0 1883 5292; x_wconf 95' lang='lat' dir='ltr'><strong> </strong></span> 
     </span>
    </p>
   </div>
  </div>
 </body>
</html>
