3714 5298
818 509 820 514 ,
862 455 958 511 Erster
979 457 1052 512 Tail.

446 619 580 684 Etiam
602 619 790 685 Dardaniae
813 625 953 702 tangent
973 622 1056 686 haec
1078 621 1178 688 litora
1198 622 1304 703 pinus.

455 767 458 772 -
491 724 555 791 Hic
577 742 704 806 quoque
727 743 825 791 cansa
846 727 925 793 novi
947 725 1070 792 femina
1091 728 1207 792 martis
1230 729 1302 794 erit.

447 831 529 897 Caro
550 849 660 915 nepos,
682 832 786 915 Palla,
809 831 940 898 funesta
963 833 1042 913 quid
1063 834 1171 900 induis
1195 833 1306 900 arma?

464 981 466 988 ν
490 937 605 1002 Induel
644 955 709 1002 non
731 938 846 1002 humili
869 939 998 1005 vindice
1020 957 1133 1005 caesus
1156 940 1229 1005 eris.

402 1065 429 1109 ss
445 1043 545 1108 Victa
566 1047 677 1127 tamen
700 1044 820 1127 vinces,
844 1062 1022 1125 eversaque
1044 1045 1145 1112 Troia
1166 1063 1328 1128 resurges:

491 1147 609 1215 Obruit
630 1149 767 1216 hostiles
789 1149 857 1215 ista
879 1151 975 1215 ruina
998 1153 1115 1217 domos.

446 1255 543 1322 Urite
565 1255 719 1322 victrices
741 1257 908 1338 Neptunia
929 1257 1092 1339 Pergama
1113 1256 1273 1324 fiammae!

490 1362 575 1427 Num
597 1361 703 1427 minus
725 1362 780 1427 hic
801 1367 872 1428 toto
896 1367 948 1428 est
971 1363 1070 1429 altior
1092 1363 1171 1429 orbe
1194 1363 1295 1429 cinis?

446 1467 517 1533 Iam
539 1468 612 1549 pius
635 1469 764 1533 Aeneas
786 1486 881 1533 sacra
903 1473 946 1552 et,
969 1487 1064 1534 sacra
1087 1469 1201 1553 altera,
1224 1473 1351 1550 patrem
1420 1527 1423 1533 .

402 1600 430 1641 so
490 1573 641 1640 Adferat:
664 1573 784 1640 lliacos
807 1575 926 1657 accipe,
949 1575 1061 1658 Vesta,
1085 1576 1169 1641 deos

447 1682 588 1762 Tempus
611 1679 684 1764 erit,
707 1699 779 1746 cum
802 1698 862 1747 vos
884 1681 1057 1762 orbemque
1079 1681 1227 1747 tuebitur
1248 1681 1342 1764 idem,
1449 1729 1454 1748 .

491 1788 538 1852 Et
559 1787 639 1852 fient
661 1786 731 1868 ipso
754 1804 850 1852 sacra
872 1786 998 1852 colente
1022 1789 1098 1852 deo:

446 1895 494 1960 Et
510 1912 615 1975 penes
637 1893 805 1975 Augustos
826 1893 957 1974 patriae
979 1893 1087 1959 tutela
1108 1894 1262 1960 manebit.

490 2000 586 2064 Hanc
608 1999 662 2064 ias
683 1998 813 2079 imperii
834 1997 931 2065 irena
953 2004 1065 2065 tenere
1089 2001 1225 2066 domum.

403 2130 430 2170 a
445 2105 526 2171 Inde
548 2123 648 2186 nepos
669 2109 832 2184 natusque
856 2105 916 2188 dei,
938 2105 1017 2171 licet
1039 2106 1110 2185 ipse
1131 2109 1269 2188 recuset,

490 2211 641 2278 Pondera
664 2210 798 2277 caelesti
820 2216 929 2277 mente
950 2215 1091 2292 paterna
1113 2211 1207 2277 ieret.

447 2320 559 2399 thue
582 2335 641 2399 ego
664 2317 831 2398 perpetius
854 2317 929 2383 olim
954 2318 1109 2383 sacrabor
1130 2317 1165 2382 in
1189 2317 1264 2400 aris,

491 2424 546 2492 Sic
567 2424 719 2506 Angusta
741 2443 861 2491 novum
883 2423 970 2489 Iulia
992 2441 1110 2488 numen
1133 2423 1214 2488 erit!

448 2531 584 2596 Talibus
606 2533 644 2595 ut
667 2529 764 2595 dictis
786 2533 915 2595 nostros
939 2528 1105 2594 descendit
1126 2528 1162 2593 in
1185 2547 1295 2610 annos,

406 2663 432 2704 u
491 2636 649 2704 Substitit
670 2637 705 2702 in
728 2635 849 2702 medios
871 2635 1021 2717 praescia
1043 2634 1157 2717 lingna
1179 2653 1281 2700 sonos.

448 2743 616 2826 Puppibus
639 2749 789 2824 egressus
811 2742 911 2807 Latia
934 2741 1029 2807 stetit
1052 2742 1127 2807 exul
1149 2741 1184 2806 in
1206 2743 1317 2807 herba.

493 2850 598 2933 Felix,
621 2849 754 2915 exilium
776 2849 829 2914 cui
850 2848 941 2913 locus
963 2847 1020 2913 ille
1041 2847 1119 2912 init!

448 2957 517 3023 Nec
538 2974 631 3022 mora
652 2955 751 3036 longa
773 2953 847 3036 luit,
869 2954 1007 3019 stabant
1028 2971 1115 3018 nova
1137 2956 1236 3036 tecta,
1258 2971 1364 3034 neque
1387 2955 1473 3020 alter

493 3061 660 3128 Montibus
683 3059 836 3125 Ausoniis
858 3058 988 3124 Arcade
1010 3058 1113 3124 maior
1137 3063 1218 3124 erat.

406 3195 433 3236 u
448 3170 535 3234 Ecce
557 3168 658 3234 boves
681 3165 760 3231 illuc
782 3165 983 3247 Erytheidas
1007 3165 1152 3246 applicat
1175 3166 1270 3231 heros

493 3275 652 3340 Emensus
674 3271 764 3354 longi
787 3271 934 3354 claviger
957 3271 1044 3336 orbis
1067 3271 1140 3337 iter.

447 3382 596 3462 Dumque
618 3378 696 3444 huic
717 3377 894 3459 hospitium
917 3378 1028 3442 domus
1052 3384 1103 3442 est
1125 3379 1285 3461 Tegeaea,
1309 3382 1476 3460 vagantur

493 3485 717 3552 lnoustoditae
739 3484 829 3550 laeta
850 3502 910 3566 per
933 3502 1016 3550 arva
1037 3485 1146 3550 bovas.

448 3595 547 3660 Mane
569 3595 658 3658 erat:
682 3609 835 3676 excussus
857 3609 968 3657 somno
991 3590 1183 3672 Tirynthius
1206 3595 1299 3656 actor

404 3726 432 3766 so
491 3699 541 3764 De
564 3716 704 3764 numero.
720 3700 833 3763 tauros
855 3697 958 3763 sentit
980 3698 1093 3762 abesse
1117 3697 1204 3762 duos.
1308 3757 1309 3762 ,

447 3804 546 3870 Nulla
568 3805 843 3886 videtqnaerens
865 3804 961 3870 taciti
984 3803 1127 3886 vestigia
1150 3801 1247 3868 furti:

493 3911 658 3977 Traxerat
680 3928 813 3978 aversos
837 3910 939 3976 anus
962 3909 997 3974 111
1020 3913 1119 3974 antra
1141 3908 1243 3974 leros:

383 4084 429 4140 ta.
466 4086 511 4139 bic
540 4084 655 4152 quoquc]
688 4083 741 4136 wie
770 4082 854 4135 sehon
885 4097 935 4134 vor
1046 4081 1092 4136 65.
1128 4079 1597 4150 GemeintistTiberius,derEnkel

314 4155 415 4220 Τισίας
429 4155 555 4226 .gemeint
571 4155 608 4206 ist
624 4152 754 4206 Lavinia.
978 4149 1079 4204 essars
1096 4149 1153 4203 und
1173 4149 1248 4204 Sohn
1267 4151 1315 4204 des
1333 4150 1486 4222 Augustus.

384 4224 429 4280 116.
464 4224 519 4277 Die
538 4223 653 4278 Scherin
675 4220 749 4274 sieht
771 4221 816 4273 die
834 4219 934 4275 Unter-
1046 4219 1092 4275 66.
1118 4220 1254 4290 pondua]
1279 4220 1325 4274 dia
1342 4220 1412 4274 Last
1430 4221 1479 4275 der
1496 4221 1597 4292 Regie-

313 4294 440 4365 weriung
459 4291 679 4348 Griechenlsnds
697 4307 748 4344 vor
765 4289 875 4362 Augen.
977 4305 1056 4359 rung.
1586 4285 1591 4294 '

318 4381 320 4384 ·
382 4364 428 4420 58.
463 4363 509 4417 bic
531 4359 610 4435 ciuis]
638 4361 683 4416 dic
708 4360 802 4414 Arche
825 4359 934 4428 Troius,
1048 4359 1092 4415 111.
1127 4357 1257 4432 substitit]
1289 4360 1401 4414 machte
1430 4360 1507 4426 halt,
1537 4377 1596 4414 ver·

313 4451 363 4488 aus
381 4434 430 4487 der
447 4433 520 4486 Rom
537 4449 592 4486 neu
611 4431 737 4486 erstehen
755 4429 832 4484 wird.
977 4434 1114 4500 stummte.
1269 4449 1272 4458 ⁴

382 4503 428 4559 61.
463 4502 544 4570 idern]
562 4501 714 4572 Augustus.
1019 4545 1021 4550 .
1046 4498 1091 4553 tl.
1126 4499 1263 4554 montibus
1284 4498 1448 4567 Ausonis]
1488 4497 1597 4554 lohalar

382 4572 428 4627 64.
463 4571 520 4640 fas]
539 4574 656 4641 argiinze
675 4577 723 4624 est.
976 4568 1102 4622 Ablativ.
