<?xml version="1.0" encoding="UTF-8"?>
<!DOCTYPE html PUBLIC "-//W3C//DTD XHTML 1.0 Transitional//EN"
    "http://www.w3.org/TR/xhtml1/DTD/xhtml1-transitional.dtd">
<html xmlns="http://www.w3.org/1999/xhtml" xml:lang="en" lang="en">
 <head>
  <title>
</title>
<meta http-equiv="Content-Type" content="text/html;charset=utf-8" />
  <meta name='ocr-system' content='tesseract 3.04.00' />
  <meta name='ocr-capabilities' content='ocr_page ocr_carea ocr_par ocr_line ocrx_word'/>
</head>
<body>
  <div class='ocr_page' id='page_1' title='image "./fastitristiaepi00ovidgoog_0121.png"; bbox 0 0 3716 5292; ppageno 0'>
   <div class='ocr_carea' id='block_1_1' title="bbox 856 487 1068 542">
    <p class='ocr_par' dir='ltr' id='par_1_1' title="bbox 856 487 1068 542">
     <span class='ocr_line' id='line_1_1' title="bbox 856 487 1068 542; baseline 0.009 -2"><span class='ocrx_word' id='word_1_1' title='bbox 856 487 975 542; x_wconf 83' lang='lat' dir='ltr'>Zweitcr</span> <span class='ocrx_word' id='word_1_2' title='bbox 996 487 1068 542; x_wconf 76' lang='lat' dir='ltr'>Tell.</span> 
     </span>
    </p>
   </div>
   <div class='ocr_carea' id='block_1_2' title="bbox 402 649 1462 3498">
    <p class='ocr_par' dir='ltr' id='par_1_2' title="bbox 404 649 1313 945">
     <span class='ocr_line' id='line_1_2' title="bbox 494 649 1153 732; baseline 0.003 -16"><span class='ocrx_word' id='word_1_3' title='bbox 494 650 682 732; x_wconf 90' lang='lat' dir='ltr'>Purpureus</span> <span class='ocrx_word' id='word_1_4' title='bbox 704 649 816 731; x_wconf 90' lang='lat' dir='ltr'>populi</span> <span class='ocrx_word' id='word_1_5' title='bbox 838 651 903 716; x_wconf 88' lang='lat' dir='ltr'>rite</span> <span class='ocrx_word' id='word_1_6' title='bbox 926 669 985 732; x_wconf 90' lang='lat' dir='ltr'>pcr</span> <span class='ocrx_word' id='word_1_7' title='bbox 1008 669 1067 717; x_wconf 89' lang='lat' dir='ltr'>ora</span> <span class='ocrx_word' id='word_1_8' title='bbox 1089 653 1153 718; x_wconf 87' lang='lat' dir='ltr'>tui:</span> 
     </span>
     <span class='ocr_line' id='line_1_3' title="bbox 449 755 1313 840; baseline 0.003 -18"><span class='ocrx_word' id='word_1_9' title='bbox 449 756 586 840; x_wconf 81' lang='lat' dir='ltr'>Quaque</span> <span class='ocrx_word' id='word_1_10' title='bbox 607 755 681 839; x_wconf 88' lang='lat' dir='ltr'><strong>ibis,</strong></span> <span class='ocrx_word' id='word_1_11' title='bbox 703 756 853 823; x_wconf 82' lang='lat' dir='ltr'>manibus</span> <span class='ocrx_word' id='word_1_12' title='bbox 875 757 1153 838; x_wconf 80' lang='lat' dir='ltr'>circumplaudere</span> <span class='ocrx_word' id='word_1_13' title='bbox 1175 763 1313 840; x_wconf 90' lang='lat' dir='ltr'>tuorum,</span> 
     </span>
     <span class='ocr_line' id='line_1_4' title="bbox 404 845 1156 945; baseline 0.003 -17"><span class='ocrx_word' id='word_1_14' title='bbox 404 889 432 928; x_wconf 81' lang='lat'>50</span> <span class='ocrx_word' id='word_1_15' title='bbox 492 863 644 943; x_wconf 83' lang='lat' dir='ltr'>Undique</span> <span class='ocrx_word' id='word_1_16' title='bbox 666 863 791 929; x_wconf 85' lang='lat' dir='ltr'>iactato</span> <span class='ocrx_word' id='word_1_17' title='bbox 814 863 895 929; x_wconf 88' lang='lat' dir='ltr'>flore</span> <span class='ocrx_word' id='word_1_18' title='bbox 916 868 1051 945; x_wconf 88' lang='lat' dir='ltr'>tegente</span> <span class='ocrx_word' id='word_1_19' title='bbox 1074 845 1156 931; x_wconf 73' lang='lat' dir='ltr'>ries.</span> 
     </span>
    </p>

    <p class='ocr_par' dir='ltr' id='par_1_3' title="bbox 447 968 1326 1371">
     <span class='ocr_line' id='line_1_5' title="bbox 448 968 1246 1053; baseline 0.004 -19"><span class='ocrx_word' id='word_1_20' title='bbox 448 970 609 1050; x_wconf 82' lang='lat' dir='ltr'>Tempora</span> <span class='ocrx_word' id='word_1_21' title='bbox 631 968 784 1035; x_wconf 87' lang='lat' dir='ltr'>Phoebea</span> <span class='ocrx_word' id='word_1_22' title='bbox 806 968 899 1035; x_wconf 91' lang='lat' dir='ltr'>lauro</span> <span class='ocrx_word' id='word_1_23' title='bbox 923 970 1081 1053; x_wconf 82' lang='lat' dir='ltr'>cingetur,</span> <span class='ocrx_word' id='word_1_24' title='bbox 1105 971 1159 1037; x_wconf 88' lang='lat' dir='ltr'>‘Io’</span> <span class='ocrx_word' id='word_1_25' title='bbox 1184 990 1246 1052; x_wconf 88' lang='lat' dir='ltr'>que</span> 
     </span>
     <span class='ocr_line' id='line_1_6' title="bbox 492 1074 1285 1158; baseline 0.003 -18"><span class='ocrx_word' id='word_1_26' title='bbox 492 1074 599 1158; x_wconf 88' lang='lat' dir='ltr'>Miles,</span> <span class='ocrx_word' id='word_1_27' title='bbox 622 1075 684 1152; x_wconf 89' lang='lat' dir='ltr'>‘Io,’</span> <span class='ocrx_word' id='word_1_28' title='bbox 707 1092 828 1158; x_wconf 87' lang='lat' dir='ltr'>magna</span> <span class='ocrx_word' id='word_1_29' title='bbox 850 1093 938 1158; x_wconf 84' lang='lat' dir='ltr'>voce,</span> <span class='ocrx_word' id='word_1_30' title='bbox 962 1076 1157 1157; x_wconf 80' lang='lat' dir='ltr'>‘Triumphe&#39;</span> <span class='ocrx_word' id='word_1_31' title='bbox 1180 1083 1285 1144; x_wconf 88' lang='lat' dir='ltr'>canet.</span> 
     </span>
     <span class='ocr_line' id='line_1_7' title="bbox 447 1181 1326 1263; baseline 0.005 -17"><span class='ocrx_word' id='word_1_32' title='bbox 447 1182 523 1262; x_wconf 87' lang='lat' dir='ltr'>Ipse</span> <span class='ocrx_word' id='word_1_33' title='bbox 545 1199 622 1246; x_wconf 92' lang='lat' dir='ltr'>sono</span> <span class='ocrx_word' id='word_1_34' title='bbox 645 1181 827 1263; x_wconf 90' lang='lat' dir='ltr'>plausuque</span> <span class='ocrx_word' id='word_1_35' title='bbox 849 1181 944 1248; x_wconf 90' lang='lat' dir='ltr'>simul</span> <span class='ocrx_word' id='word_1_36' title='bbox 966 1181 1165 1263; x_wconf 81' lang='lat' dir='ltr'>fremituque</span> <span class='ocrx_word' id='word_1_37' title='bbox 1188 1190 1326 1250; x_wconf 86' lang='lat' dir='ltr'>canente</span> 
     </span>
     <span class='ocr_line' id='line_1_8' title="bbox 493 1287 1277 1371; baseline 0.005 -20"><span class='ocrx_word' id='word_1_38' title='bbox 493 1287 712 1371; x_wconf 81' lang='lat' dir='ltr'>Quadriiugos</span> <span class='ocrx_word' id='word_1_39' title='bbox 735 1305 848 1354; x_wconf 89' lang='lat' dir='ltr'>cernes</span> <span class='ocrx_word' id='word_1_40' title='bbox 871 1307 969 1369; x_wconf 85' lang='lat' dir='ltr'>saepe</span> <span class='ocrx_word' id='word_1_41' title='bbox 991 1288 1146 1354; x_wconf 89' lang='lat' dir='ltr'>resistere</span> <span class='ocrx_word' id='word_1_42' title='bbox 1169 1307 1277 1370; x_wconf 91' lang='lat' dir='ltr'>equos.</span> 
     </span>
    </p>

    <p class='ocr_par' dir='ltr' id='par_1_4' title="bbox 402 1394 1462 3498">
     <span class='ocr_line' id='line_1_9' title="bbox 403 1394 1284 1480; baseline 0.002 -20"><span class='ocrx_word' id='word_1_43' title='bbox 403 1420 431 1460; x_wconf 90' lang='lat'>55</span> <span class='ocrx_word' id='word_1_44' title='bbox 446 1394 528 1459; x_wconf 85' lang='lat' dir='ltr'>Inde</span> <span class='ocrx_word' id='word_1_45' title='bbox 551 1398 643 1474; x_wconf 87' lang='lat' dir='ltr'>petes</span> <span class='ocrx_word' id='word_1_46' title='bbox 667 1412 774 1460; x_wconf 85' lang='lat' dir='ltr'>arcem</span> <span class='ocrx_word' id='word_1_47' title='bbox 798 1399 832 1460; x_wconf 88' lang='lat' dir='ltr'>et</span> <span class='ocrx_word' id='word_1_48' title='bbox 856 1394 992 1460; x_wconf 89' lang='lat' dir='ltr'>delubra</span> <span class='ocrx_word' id='word_1_49' title='bbox 1014 1394 1165 1462; x_wconf 83' lang='lat' dir='ltr'>faventia</span> <span class='ocrx_word' id='word_1_50' title='bbox 1187 1397 1284 1480; x_wconf 88' lang='lat' dir='ltr'>votis,</span> 
     </span>
     <span class='ocr_line' id='line_1_10' title="bbox 492 1499 1176 1569; baseline 0.006 -4"><span class='ocrx_word' id='word_1_51' title='bbox 492 1499 539 1565; x_wconf 79' lang='lat' dir='ltr'>Et</span> <span class='ocrx_word' id='word_1_52' title='bbox 562 1501 695 1566; x_wconf 89' lang='lat' dir='ltr'>dabitur</span> <span class='ocrx_word' id='word_1_53' title='bbox 716 1501 832 1566; x_wconf 85' lang='lat' dir='ltr'>merito</span> <span class='ocrx_word' id='word_1_54' title='bbox 856 1502 970 1567; x_wconf 88' lang='lat' dir='ltr'>laurea</span> <span class='ocrx_word' id='word_1_55' title='bbox 993 1505 1073 1567; x_wconf 87' lang='lat' dir='ltr'>vota</span> <span class='ocrx_word' id='word_1_56' title='bbox 1095 1502 1176 1569; x_wconf 83' lang='lat' dir='ltr'>Iovi</span> 
     </span>
     <span class='ocr_line' id='line_1_11' title="bbox 447 1607 1365 1692; baseline 0.004 -21"><span class='ocrx_word' id='word_1_57' title='bbox 447 1607 540 1672; x_wconf 87' lang='lat' dir='ltr'>Haec</span> <span class='ocrx_word' id='word_1_58' title='bbox 563 1625 622 1690; x_wconf 87' lang='lat' dir='ltr'>ego</span> <span class='ocrx_word' id='word_1_59' title='bbox 646 1612 831 1690; x_wconf 90' lang='lat' dir='ltr'>summotus,</span> <span class='ocrx_word' id='word_1_60' title='bbox 855 1626 920 1688; x_wconf 88' lang='lat' dir='ltr'>qua</span> <span class='ocrx_word' id='word_1_61' title='bbox 942 1626 1081 1692; x_wconf 92' lang='lat' dir='ltr'>possum,</span> <span class='ocrx_word' id='word_1_62' title='bbox 1103 1612 1213 1675; x_wconf 89' lang='lat' dir='ltr'>mente</span> <span class='ocrx_word' id='word_1_63' title='bbox 1236 1609 1365 1676; x_wconf 81' lang='lat' dir='ltr'>videbo:</span> 
     </span>
     <span class='ocr_line' id='line_1_12' title="bbox 492 1703 1100 1794; baseline 0.002 -16"><span class='ocrx_word' id='word_1_64' title='bbox 492 1703 726 1794; x_wconf 80' lang='lat' dir='ltr'>Erepti&#39;nobis</span> <span class='ocrx_word' id='word_1_65' title='bbox 749 1714 800 1780; x_wconf 88' lang='lat' dir='ltr'>ius</span> <span class='ocrx_word' id='word_1_66' title='bbox 823 1715 925 1780; x_wconf 87' lang='lat' dir='ltr'>habet</span> <span class='ocrx_word' id='word_1_67' title='bbox 946 1715 1006 1780; x_wconf 88' lang='lat' dir='ltr'>illa</span> <span class='ocrx_word' id='word_1_68' title='bbox 1028 1715 1100 1781; x_wconf 92' lang='lat' dir='ltr'>loci.</span> 
     </span>
     <span class='ocr_line' id='line_1_13' title="bbox 447 1819 1232 1906; baseline 0.004 -22"><span class='ocrx_word' id='word_1_69' title='bbox 447 1819 512 1885; x_wconf 91' lang='lat' dir='ltr'>Ille</span> <span class='ocrx_word' id='word_1_70' title='bbox 533 1838 593 1900; x_wconf 91' lang='lat' dir='ltr'>per</span> <span class='ocrx_word' id='word_1_71' title='bbox 614 1821 777 1887; x_wconf 85' lang='lat' dir='ltr'>inmensas</span> <span class='ocrx_word' id='word_1_72' title='bbox 800 1820 966 1902; x_wconf 87' lang='lat' dir='ltr'>spatiatur</span> <span class='ocrx_word' id='word_1_73' title='bbox 988 1821 1094 1887; x_wconf 87' lang='lat' dir='ltr'>libera</span> <span class='ocrx_word' id='word_1_74' title='bbox 1116 1827 1232 1906; x_wconf 85' lang='lat' dir='ltr'>terras,</span> 
     </span>
     <span class='ocr_line' id='line_1_14' title="bbox 402 1926 1148 2010; baseline 0.007 -22"><span class='ocrx_word' id='word_1_75' title='bbox 402 1949 431 1988; x_wconf 84' lang='lat'>50</span> <span class='ocrx_word' id='word_1_76' title='bbox 490 1926 530 1990; x_wconf 92' lang='lat' dir='ltr'>In</span> <span class='ocrx_word' id='word_1_77' title='bbox 554 1927 679 1992; x_wconf 90' lang='lat' dir='ltr'>caelum</span> <span class='ocrx_word' id='word_1_78' title='bbox 702 1927 801 1992; x_wconf 85' lang='lat' dir='ltr'>celeri</span> <span class='ocrx_word' id='word_1_79' title='bbox 822 1928 976 2009; x_wconf 85' lang='lat' dir='ltr'>pervenit</span> <span class='ocrx_word' id='word_1_80' title='bbox 998 1928 1057 1994; x_wconf 88' lang='lat' dir='ltr'>illa</span> <span class='ocrx_word' id='word_1_81' title='bbox 1079 1928 1148 2010; x_wconf 81' lang='lat' dir='ltr'>vie3</span> 
     </span>
     <span class='ocr_line' id='line_1_15' title="bbox 447 2031 1281 2117; baseline 0.005 -21"><span class='ocrx_word' id='word_1_82' title='bbox 447 2031 511 2096; x_wconf 85' lang='lat' dir='ltr'>illa</span> <span class='ocrx_word' id='word_1_83' title='bbox 533 2051 621 2098; x_wconf 93' lang='lat' dir='ltr'>meos</span> <span class='ocrx_word' id='word_1_84' title='bbox 644 2033 753 2100; x_wconf 91' lang='lat' dir='ltr'>oculos</span> <span class='ocrx_word' id='word_1_85' title='bbox 776 2034 915 2100; x_wconf 88' lang='lat' dir='ltr'>mediam</span> <span class='ocrx_word' id='word_1_86' title='bbox 938 2034 1071 2099; x_wconf 77' lang='lat' dir='ltr'>deducit</span> <span class='ocrx_word' id='word_1_87' title='bbox 1092 2035 1127 2099; x_wconf 92' lang='lat' dir='ltr'>in</span> <span class='ocrx_word' id='word_1_88' title='bbox 1149 2035 1281 2117; x_wconf 84' lang='lat' dir='ltr'>Urbem,</span> 
     </span>
     <span class='ocr_line' id='line_1_16' title="bbox 491 2139 1154 2220; baseline 0.006 -18"><span class='ocrx_word' id='word_1_89' title='bbox 491 2139 654 2205; x_wconf 91' lang='lat' dir='ltr'>Immunes</span> <span class='ocrx_word' id='word_1_90' title='bbox 676 2141 764 2206; x_wconf 89' lang='lat' dir='ltr'>tanti</span> <span class='ocrx_word' id='word_1_91' title='bbox 787 2159 847 2206; x_wconf 92' lang='lat' dir='ltr'>nec</span> <span class='ocrx_word' id='word_1_92' title='bbox 869 2141 950 2206; x_wconf 88' lang='lat' dir='ltr'>sinit</span> <span class='ocrx_word' id='word_1_93' title='bbox 973 2159 1044 2206; x_wconf 91' lang='lat' dir='ltr'>esse</span> <span class='ocrx_word' id='word_1_94' title='bbox 1064 2141 1154 2220; x_wconf 74' lang='lat' dir='ltr'>boni,</span> 
     </span>
     <span class='ocr_line' id='line_1_17' title="bbox 447 2244 1372 2329; baseline 0.004 -21"><span class='ocrx_word' id='word_1_95' title='bbox 447 2244 663 2325; x_wconf 81' lang='lat' dir='ltr'>invenietque</span> <span class='ocrx_word' id='word_1_96' title='bbox 685 2247 821 2329; x_wconf 76' lang='lat' dir='ltr'>animno,</span> <span class='ocrx_word' id='word_1_97' title='bbox 845 2264 910 2327; x_wconf 90' lang='lat' dir='ltr'>qna</span> <span class='ocrx_word' id='word_1_98' title='bbox 933 2265 1047 2311; x_wconf 91' lang='lat' dir='ltr'>currus</span> <span class='ocrx_word' id='word_1_99' title='bbox 1070 2251 1198 2327; x_wconf 87' lang='lat' dir='ltr'>spectet</span> <span class='ocrx_word' id='word_1_100' title='bbox 1221 2248 1372 2313; x_wconf 88' lang='lat' dir='ltr'>eburnos:</span> 
     </span>
     <span class='ocr_line' id='line_1_18' title="bbox 491 2349 1293 2434; baseline 0.002 -19"><span class='ocrx_word' id='word_1_101' title='bbox 491 2349 546 2416; x_wconf 85' lang='lat' dir='ltr'>Sic</span> <span class='ocrx_word' id='word_1_102' title='bbox 569 2357 659 2418; x_wconf 87' lang='lat' dir='ltr'>certe</span> <span class='ocrx_word' id='word_1_103' title='bbox 681 2352 717 2417; x_wconf 91' lang='lat' dir='ltr'>in</span> <span class='ocrx_word' id='word_1_104' title='bbox 738 2353 850 2433; x_wconf 86' lang='lat' dir='ltr'>patrie</span> <span class='ocrx_word' id='word_1_105' title='bbox 872 2353 1056 2433; x_wconf 84' lang='lat' dir='ltr'>perbreve</span> <span class='ocrx_word' id='word_1_106' title='bbox 1078 2357 1206 2434; x_wconf 90' lang='lat' dir='ltr'>tempus</span> <span class='ocrx_word' id='word_1_107' title='bbox 1229 2371 1293 2418; x_wconf 88' lang='lat' dir='ltr'>ero.</span> 
     </span>
     <span class='ocr_line' id='line_1_19' title="bbox 402 2457 1283 2542; baseline 0.003 -22"><span class='ocrx_word' id='word_1_108' title='bbox 402 2480 429 2519; x_wconf 80' lang='lat'>55</span> <span class='ocrx_word' id='word_1_109' title='bbox 448 2458 535 2522; x_wconf 87' lang='lat' dir='ltr'>Vere</span> <span class='ocrx_word' id='word_1_110' title='bbox 558 2462 668 2524; x_wconf 86' lang='lat' dir='ltr'>temen</span> <span class='ocrx_word' id='word_1_111' title='bbox 692 2459 801 2540; x_wconf 88' lang='lat' dir='ltr'>cupiet</span> <span class='ocrx_word' id='word_1_112' title='bbox 823 2460 960 2540; x_wconf 92' lang='lat' dir='ltr'>populus</span> <span class='ocrx_word' id='word_1_113' title='bbox 983 2457 1171 2540; x_wconf 85' lang='lat' dir='ltr'>spectacula</span> <span class='ocrx_word' id='word_1_114' title='bbox 1193 2458 1283 2542; x_wconf 84' lang='lat' dir='ltr'>felix,</span> 
     </span>
     <span class='ocr_line' id='line_1_20' title="bbox 491 2553 1338 2648; baseline 0.002 -20"><span class='ocrx_word' id='word_1_115' title='bbox 491 2563 660 2645; x_wconf 86' lang='lat' dir='ltr'>Laetaque</span> <span class='ocrx_word' id='word_1_116' title='bbox 684 2566 748 2631; x_wconf 90' lang='lat' dir='ltr'>erit</span> <span class='ocrx_word' id='word_1_117' title='bbox 771 2583 925 2648; x_wconf 82' lang='lat' dir='ltr'>praesens</span> <span class='ocrx_word' id='word_1_118' title='bbox 949 2584 1021 2630; x_wconf 92' lang='lat' dir='ltr'>cum</span> <span class='ocrx_word' id='word_1_119' title='bbox 1044 2568 1126 2631; x_wconf 93' lang='lat' dir='ltr'>duce</span> <span class='ocrx_word' id='word_1_120' title='bbox 1148 2567 1248 2631; x_wconf 90' lang='lat' dir='ltr'>turba</span> <span class='ocrx_word' id='word_1_121' title='bbox 1271 2553 1338 2631; x_wconf 85' lang='lat' dir='ltr'>suo.</span> 
     </span>
     <span class='ocr_line' id='line_1_21' title="bbox 448 2670 1261 2754; baseline 0.006 -21"><span class='ocrx_word' id='word_1_122' title='bbox 448 2671 495 2733; x_wconf 90' lang='lat' dir='ltr'>At</span> <span class='ocrx_word' id='word_1_123' title='bbox 516 2670 597 2736; x_wconf 90' lang='lat' dir='ltr'>mihi</span> <span class='ocrx_word' id='word_1_124' title='bbox 619 2671 768 2754; x_wconf 88' lang='lat' dir='ltr'>fingendo</span> <span class='ocrx_word' id='word_1_125' title='bbox 791 2676 921 2738; x_wconf 88' lang='lat' dir='ltr'>tentum</span> <span class='ocrx_word' id='word_1_126' title='bbox 944 2672 1105 2754; x_wconf 82' lang='lat' dir='ltr'>longeque</span> <span class='ocrx_word' id='word_1_127' title='bbox 1128 2673 1261 2738; x_wconf 86' lang='lat' dir='ltr'>remotis</span> 
     </span>
     <span class='ocr_line' id='line_1_22' title="bbox 491 2777 1207 2862; baseline 0.003 -21"><span class='ocrx_word' id='word_1_128' title='bbox 491 2777 635 2843; x_wconf 87' lang='lat' dir='ltr'>Auribus</span> <span class='ocrx_word' id='word_1_129' title='bbox 658 2778 711 2843; x_wconf 91' lang='lat' dir='ltr'>hic</span> <span class='ocrx_word' id='word_1_130' title='bbox 734 2778 861 2844; x_wconf 80' lang='lat' dir='ltr'>fructus</span> <span class='ocrx_word' id='word_1_131' title='bbox 884 2778 1111 2860; x_wconf 91' lang='lat' dir='ltr'>percipiendus</span> <span class='ocrx_word' id='word_1_132' title='bbox 1134 2778 1207 2862; x_wconf 90' lang='lat' dir='ltr'>erit,</span> 
     </span>
     <span class='ocr_line' id='line_1_23' title="bbox 447 2881 1330 2964; baseline 0.003 -18"><span class='ocrx_word' id='word_1_133' title='bbox 447 2881 558 2962; x_wconf 84' lang='lat' dir='ltr'>Atque</span> <span class='ocrx_word' id='word_1_134' title='bbox 580 2884 694 2964; x_wconf 90' lang='lat' dir='ltr'>procul</span> <span class='ocrx_word' id='word_1_135' title='bbox 716 2885 814 2951; x_wconf 85' lang='lat' dir='ltr'>Latio</span> <span class='ocrx_word' id='word_1_136' title='bbox 837 2885 1001 2952; x_wconf 86' lang='lat' dir='ltr'>diversum</span> <span class='ocrx_word' id='word_1_137' title='bbox 1024 2883 1140 2950; x_wconf 85' lang='lat' dir='ltr'>missus</span> <span class='ocrx_word' id='word_1_138' title='bbox 1162 2884 1197 2949; x_wconf 92' lang='lat' dir='ltr'>in</span> <span class='ocrx_word' id='word_1_139' title='bbox 1219 2885 1330 2951; x_wconf 88' lang='lat' dir='ltr'>orbem</span> 
     </span>
     <span class='ocr_line' id='line_1_24' title="bbox 403 2987 1213 3074; baseline 0.007 -24"><span class='ocrx_word' id='word_1_140' title='bbox 403 2987 1213 3074; x_wconf 55' lang='lat' dir='ltr'>QOwmffimmffi</span> 
     </span>
     <span class='ocr_line' id='line_1_25' title="bbox 446 3094 1462 3178; baseline 0.004 -20"><span class='ocrx_word' id='word_1_141' title='bbox 446 3094 480 3159; x_wconf 89' lang='lat' dir='ltr'>Is</span> <span class='ocrx_word' id='word_1_142' title='bbox 504 3112 630 3175; x_wconf 86' lang='lat' dir='ltr'>quoquc</span> <span class='ocrx_word' id='word_1_143' title='bbox 652 3097 719 3161; x_wconf 90' lang='lat' dir='ltr'>iam</span> <span class='ocrx_word' id='word_1_144' title='bbox 741 3115 849 3163; x_wconf 87' lang='lat' dir='ltr'>serum</span> <span class='ocrx_word' id='word_1_145' title='bbox 872 3097 995 3162; x_wconf 84' lang='lat' dir='ltr'>referet</span> <span class='ocrx_word' id='word_1_146' title='bbox 1018 3101 1227 3176; x_wconf 89' lang='lat' dir='ltr'>veteremque</span> <span class='ocrx_word' id='word_1_147' title='bbox 1249 3097 1462 3178; x_wconf 89' lang='lat' dir='ltr'>triumphum:</span> 
     </span>
     <span class='ocr_line' id='line_1_26' title="bbox 491 3200 1319 3285; baseline 0.002 -19"><span class='ocrx_word' id='word_1_148' title='bbox 491 3200 560 3284; x_wconf 82' lang='lat' dir='ltr'>Quo</span> <span class='ocrx_word' id='word_1_149' title='bbox 584 3206 694 3267; x_wconf 90' lang='lat' dir='ltr'>tamen</span> <span class='ocrx_word' id='word_1_150' title='bbox 718 3203 849 3269; x_wconf 87' lang='lat' dir='ltr'>audiero</span> <span class='ocrx_word' id='word_1_151' title='bbox 873 3208 1028 3285; x_wconf 89' lang='lat' dir='ltr'>tempore,</span> <span class='ocrx_word' id='word_1_152' title='bbox 1050 3203 1158 3269; x_wconf 87' lang='lat' dir='ltr'>laetus</span> <span class='ocrx_word' id='word_1_153' title='bbox 1181 3221 1244 3268; x_wconf 89' lang='lat' dir='ltr'>ero.</span> <span class='ocrx_word' id='word_1_154' title='bbox 1315 3227 1319 3234; x_wconf 63' lang='grc'>’</span> 
     </span>
     <span class='ocr_line' id='line_1_27' title="bbox 445 3305 1253 3392; baseline 0.005 -22"><span class='ocrx_word' id='word_1_155' title='bbox 445 3305 510 3370; x_wconf 86' lang='lat' dir='ltr'>Illa</span> <span class='ocrx_word' id='word_1_156' title='bbox 533 3308 602 3373; x_wconf 89' lang='lat' dir='ltr'>dics</span> <span class='ocrx_word' id='word_1_157' title='bbox 625 3309 746 3392; x_wconf 87' lang='lat' dir='ltr'>veniet,</span> <span class='ocrx_word' id='word_1_158' title='bbox 769 3328 841 3375; x_wconf 89' lang='lat' dir='ltr'>mea</span> <span class='ocrx_word' id='word_1_159' title='bbox 864 3328 928 3389; x_wconf 89' lang='lat' dir='ltr'>qua</span> <span class='ocrx_word' id='word_1_160' title='bbox 951 3309 1105 3391; x_wconf 89' lang='lat' dir='ltr'>lugubria</span> <span class='ocrx_word' id='word_1_161' title='bbox 1126 3327 1253 3391; x_wconf 87' lang='lat' dir='ltr'>ponam,</span> 
     </span>
     <span class='ocr_line' id='line_1_28' title="bbox 491 3412 1190 3498; baseline 0.004 -21"><span class='ocrx_word' id='word_1_162' title='bbox 491 3412 659 3494; x_wconf 85' lang='lat' dir='ltr'>Causaque</span> <span class='ocrx_word' id='word_1_163' title='bbox 682 3416 815 3498; x_wconf 86' lang='lat' dir='ltr'>privata</span> <span class='ocrx_word' id='word_1_164' title='bbox 837 3416 970 3498; x_wconf 88' lang='lat' dir='ltr'>publica</span> <span class='ocrx_word' id='word_1_165' title='bbox 991 3416 1095 3482; x_wconf 86' lang='lat' dir='ltr'>maior</span> <span class='ocrx_word' id='word_1_166' title='bbox 1118 3416 1190 3481; x_wconf 92' lang='lat' dir='ltr'>erit.</span> 
     </span>
    </p>
   </div>
   <div class='ocr_carea' id='block_1_3' title="bbox 725 3617 1330 3828">
    <p class='ocr_par' dir='ltr' id='par_1_5' title="bbox 725 3617 1330 3828">
     <span class='ocr_line' id='line_1_29' title="bbox 788 3617 1119 3704; baseline -0.021 -15"><span class='ocrx_word' id='word_1_167' title='bbox 788 3617 1119 3704; x_wconf 63' lang='lat' dir='ltr'>mmmmm</span> 
     </span>
     <span class='ocr_line' id='line_1_30' title="bbox 725 3747 1330 3828; baseline -0.007 0"><span class='ocrx_word' id='word_1_168' title='bbox 725 3757 869 3828; x_wconf 74' lang='lat' dir='ltr'>Saliene</span> <span class='ocrx_word' id='word_1_169' title='bbox 891 3757 1191 3826; x_wconf 81' lang='lat' dir='ltr'>Frenndestrene.</span> <span class='ocrx_word' id='word_1_170' title='bbox 1226 3751 1228 3758; x_wconf 84' lang='lat'>&#39;</span> <span class='ocrx_word' id='word_1_171' title='bbox 1272 3747 1292 3826; x_wconf 56' lang='lat'>⁴.</span> <span class='ocrx_word' id='word_1_172' title='bbox 1327 3749 1330 3756; x_wconf 88' lang='grc'>’</span> 
     </span>
    </p>
   </div>
   <div class='ocr_carea' id='block_1_4' title="bbox 445 3894 1396 4193">
    <p class='ocr_par' dir='ltr' id='par_1_6' title="bbox 445 3894 1396 4193">
     <span class='ocr_line' id='line_1_31' title="bbox 445 3894 1268 3982; baseline 0.004 -21"><span class='ocrx_word' id='word_1_173' title='bbox 445 3894 472 3961; x_wconf 92' lang='grc' dir='ltr'><strong>Ο</strong></span> <span class='ocrx_word' id='word_1_174' title='bbox 495 3896 575 3962; x_wconf 87' lang='lat' dir='ltr'>mihi</span> <span class='ocrx_word' id='word_1_175' title='bbox 598 3898 734 3964; x_wconf 88' lang='lat' dir='ltr'>dilectos</span> <span class='ocrx_word' id='word_1_176' title='bbox 756 3898 845 3965; x_wconf 90' lang='lat' dir='ltr'>inter</span> <span class='ocrx_word' id='word_1_177' title='bbox 866 3918 944 3981; x_wconf 87' lang='lat' dir='ltr'>pars</span> <span class='ocrx_word' id='word_1_178' title='bbox 965 3899 1072 3982; x_wconf 85' lang='lat' dir='ltr'>prima</span> <span class='ocrx_word' id='word_1_179' title='bbox 1095 3897 1230 3978; x_wconf 85' lang='lat' dir='ltr'>sodales,</span> <span class='ocrx_word' id='word_1_180' title='bbox 1265 3958 1268 3964; x_wconf 91' lang='lat'>.</span> 
     </span>
     <span class='ocr_line' id='line_1_32' title="bbox 489 4004 1106 4088; baseline 0 -19"><span class='ocrx_word' id='word_1_181' title='bbox 489 4004 595 4070; x_wconf 93' lang='lat' dir='ltr'>Unica</span> <span class='ocrx_word' id='word_1_182' title='bbox 616 4004 758 4071; x_wconf 85' lang='lat' dir='ltr'>fortunis</span> <span class='ocrx_word' id='word_1_183' title='bbox 781 4024 840 4070; x_wconf 89' lang='lat' dir='ltr'>ara</span> <span class='ocrx_word' id='word_1_184' title='bbox 862 4009 997 4086; x_wconf 86' lang='lat' dir='ltr'>reperta</span> <span class='ocrx_word' id='word_1_185' title='bbox 1018 4005 1106 4088; x_wconf 90' lang='lat' dir='ltr'>meis,</span> 
     </span>
     <span class='ocr_line' id='line_1_33' title="bbox 445 4109 1396 4193; baseline 0.001 -19"><span class='ocrx_word' id='word_1_186' title='bbox 445 4109 542 4177; x_wconf 75' lang='lat' dir='ltr'>Cuius</span> <span class='ocrx_word' id='word_1_187' title='bbox 566 4113 607 4177; x_wconf 91' lang='lat' dir='ltr'>eb</span> <span class='ocrx_word' id='word_1_188' title='bbox 632 4112 792 4193; x_wconf 87' lang='lat' dir='ltr'>adloquiis</span> <span class='ocrx_word' id='word_1_189' title='bbox 816 4112 925 4177; x_wconf 86' lang='lat' dir='ltr'>anima</span> <span class='ocrx_word' id='word_1_190' title='bbox 947 4113 1028 4178; x_wconf 86' lang='lat' dir='ltr'>haec</span> <span class='ocrx_word' id='word_1_191' title='bbox 1050 4112 1243 4177; x_wconf 89' lang='lat' dir='ltr'>moribunda</span> <span class='ocrx_word' id='word_1_192' title='bbox 1265 4110 1396 4191; x_wconf 88' lang='lat' dir='ltr'>revixit,</span> 
     </span>
    </p>
   </div>
   <div class='ocr_carea' id='block_1_5' title="bbox 311 4264 1599 4602">
    <p class='ocr_par' dir='ltr' id='par_1_7' title="bbox 380 4264 1598 4340">
     <span class='ocr_line' id='line_1_34' title="bbox 380 4264 1598 4340; baseline -0.001 -19"><span class='ocrx_word' id='word_1_193' title='bbox 380 4267 425 4321; x_wconf 83' lang='lat'>48.</span> <span class='ocrx_word' id='word_1_194' title='bbox 457 4282 511 4334; x_wconf 78' lang='lat' dir='ltr'>por·</span> <span class='ocrx_word' id='word_1_195' title='bbox 531 4269 592 4337; x_wconf 80' lang='lat' dir='ltr'>ora]</span> <span class='ocrx_word' id='word_1_196' title='bbox 612 4269 663 4320; x_wconf 83' lang='lat' dir='ltr'>wir</span> <span class='ocrx_word' id='word_1_197' title='bbox 686 4281 786 4340; x_wconf 82' lang='lat' dir='ltr'>sagon:</span> <span class='ocrx_word' id='word_1_198' title='bbox 817 4284 854 4320; x_wconf 86' lang='lat' dir='ltr'>en</span> <span class='ocrx_word' id='word_1_199' title='bbox 881 4267 934 4321; x_wconf 90' lang='lat' dir='ltr'>den</span> <span class='ocrx_word' id='word_1_200' title='bbox 978 4267 1086 4322; x_wconf 88' lang='lat' dir='ltr'>Namen</span> <span class='ocrx_word' id='word_1_201' title='bbox 1108 4283 1230 4332; x_wconf 84' lang='lat' dir='ltr'>neuneu,</span> <span class='ocrx_word' id='word_1_202' title='bbox 1255 4267 1309 4320; x_wconf 77' lang='lat' dir='ltr'>dat</span> <span class='ocrx_word' id='word_1_203' title='bbox 1333 4265 1389 4320; x_wconf 83' lang='lat' dir='ltr'>alle</span> <span class='ocrx_word' id='word_1_204' title='bbox 1408 4264 1486 4320; x_wconf 88' lang='lat' dir='ltr'>Welt</span> <span class='ocrx_word' id='word_1_205' title='bbox 1508 4266 1598 4320; x_wconf 81' lang='lat' dir='ltr'>meina</span> 
     </span>
    </p>

    <p class='ocr_par' dir='ltr' id='par_1_8' title="bbox 311 4333 1599 4602">
     <span class='ocr_line' id='line_1_35' title="bbox 311 4333 1599 4408; baseline 0 -19"><span class='ocrx_word' id='word_1_206' title='bbox 311 4336 412 4408; x_wconf 88' lang='lat' dir='ltr'>Augen</span> <span class='ocrx_word' id='word_1_207' title='bbox 430 4335 479 4390; x_wconf 87' lang='lat' dir='ltr'>des</span> <span class='ocrx_word' id='word_1_208' title='bbox 496 4335 603 4392; x_wconf 82' lang='lat' dir='ltr'>Volkes</span> <span class='ocrx_word' id='word_1_209' title='bbox 621 4339 725 4392; x_wconf 86' lang='lat' dir='ltr'>vorbei.</span> <span class='ocrx_word' id='word_1_210' title='bbox 814 4358 817 4364; x_wconf 95' lang='lat'>·</span> <span class='ocrx_word' id='word_1_211' title='bbox 976 4336 1174 4390; x_wconf 78' lang='lat' dir='ltr'>Dankbarlreit</span> <span class='ocrx_word' id='word_1_212' title='bbox 1199 4336 1245 4388; x_wconf 82' lang='lat' dir='ltr'>fur</span> <span class='ocrx_word' id='word_1_213' title='bbox 1274 4336 1354 4390; x_wconf 88' lang='lat' dir='ltr'>deine</span> <span class='ocrx_word' id='word_1_214' title='bbox 1381 4333 1599 4389; x_wconf 81' lang='lat' dir='ltr'>unwondelbare</span> 
     </span>
     <span class='ocr_line' id='line_1_36' title="bbox 379 4405 1598 4478; baseline -0.002 -17"><span class='ocrx_word' id='word_1_215' title='bbox 379 4407 425 4462; x_wconf 80' lang='lat'>54.</span> <span class='ocrx_word' id='word_1_216' title='bbox 461 4409 598 4478; x_wconf 67' lang='lat' dir='ltr'>recredere]</span> <span class='ocrx_word' id='word_1_217' title='bbox 616 4409 744 4462; x_wconf 88' lang='lat' dir='ltr'>schenen.</span> <span class='ocrx_word' id='word_1_218' title='bbox 846 4427 850 4435; x_wconf 91' lang='lat'><em>·</em></span> <span class='ocrx_word' id='word_1_219' title='bbox 975 4406 1192 4460; x_wconf 78' lang='lat' dir='ltr'>¹Frcundcsllebe</span> <span class='ocrx_word' id='word_1_220' title='bbox 1210 4406 1289 4472; x_wconf 68' lang='lat' dir='ltr'>adhe,</span> <span class='ocrx_word' id='word_1_221' title='bbox 1312 4405 1384 4459; x_wconf 92' lang='lat' dir='ltr'>doch</span> <span class='ocrx_word' id='word_1_222' title='bbox 1401 4405 1449 4458; x_wconf 89' lang='lat' dir='ltr'>ich</span> <span class='ocrx_word' id='word_1_223' title='bbox 1466 4405 1531 4458; x_wconf 72' lang='lat' dir='ltr'>mut</span> <span class='ocrx_word' id='word_1_224' title='bbox 1550 4407 1598 4459; x_wconf 89' lang='lat' dir='ltr'>be·</span> 
     </span>
     <span class='ocr_line' id='line_1_37' title="bbox 380 4475 1486 4602; baseline -0.003 -72"><span class='ocrx_word' id='word_1_225' title='bbox 380 4477 425 4532; x_wconf 79' lang='lat' dir='ltr'>tu.</span> <span class='ocrx_word' id='word_1_226' title='bbox 460 4475 681 4602; x_wconf 34' lang='lat' dir='ltr'>summotuessaus</span> <span class='ocrx_word' id='word_1_227' title='bbox 699 4477 749 4531; x_wconf 87' lang='lat' dir='ltr'>der</span> <span class='ocrx_word' id='word_1_228' title='bbox 766 4477 864 4531; x_wconf 80' lang='lat' dir='ltr'>Ferme.</span> <span class='ocrx_word' id='word_1_229' title='bbox 976 4475 1113 4543; x_wconf 81' lang='lat' dir='ltr'>fiirchten,</span> <span class='ocrx_word' id='word_1_230' title='bbox 1133 4476 1176 4529; x_wconf 87' lang='lat' dir='ltr'>dir</span> <span class='ocrx_word' id='word_1_231' title='bbox 1194 4492 1246 4528; x_wconf 89' lang='lat' dir='ltr'>nur</span> <span class='ocrx_word' id='word_1_232' title='bbox 1263 4493 1298 4529; x_wconf 82' lang='lat' dir='ltr'>zu</span> <span class='ocrx_word' id='word_1_233' title='bbox 1315 4475 1446 4530; x_wconf 81' lang='lat' dir='ltr'>schaden.</span> <span class='ocrx_word' id='word_1_234' title='bbox 1482 4515 1486 4520; x_wconf 91' lang='lat'>.</span> 
     </span>
    </p>
   </div>
   <div class='ocr_carea' id='block_1_6' title="bbox 380 4541 1596 4688">
    <p class='ocr_par' dir='ltr' id='par_1_9' title="bbox 380 4541 1596 4688">
     <span class='ocr_line' id='line_1_38' title="bbox 380 4541 1596 4618; baseline -0.003 -16"><span class='ocrx_word' id='word_1_235' title='bbox 380 4546 426 4602; x_wconf 78' lang='lat'>68.</span> <span class='ocrx_word' id='word_1_236' title='bbox 462 4546 581 4618; x_wconf 67' lang='lat' dir='ltr'>scamus]</span> <span class='ocrx_word' id='word_1_237' title='bbox 628 4549 708 4614; x_wconf 81' lang='lat' dir='ltr'>ennii,</span> <span class='ocrx_word' id='word_1_238' title='bbox 727 4546 828 4601; x_wconf 78' lang='lat' dir='ltr'>Gluek.</span> <span class='ocrx_word' id='word_1_239' title='bbox 974 4574 981 4580; x_wconf 95' lang='lat'>··</span> <span class='ocrx_word' id='word_1_240' title='bbox 1047 4545 1076 4601; x_wconf 86' lang='lat'>1.</span> <span class='ocrx_word' id='word_1_241' title='bbox 1107 4561 1176 4614; x_wconf 77' lang='lat' dir='ltr'>pure</span> <span class='ocrx_word' id='word_1_242' title='bbox 1196 4541 1305 4617; x_wconf 72' lang='lat' dir='ltr'>prima]</span> <span class='ocrx_word' id='word_1_243' title='bbox 1321 4545 1370 4599; x_wconf 89' lang='lat' dir='ltr'>der</span> <span class='ocrx_word' id='word_1_244' title='bbox 1394 4545 1432 4598; x_wconf 91' lang='lat' dir='ltr'>du</span> <span class='ocrx_word' id='word_1_245' title='bbox 1456 4545 1503 4599; x_wconf 89' lang='lat' dir='ltr'>die</span> <span class='ocrx_word' id='word_1_246' title='bbox 1525 4551 1596 4598; x_wconf 88' lang='lat' dir='ltr'>erete</span> 
     </span>
     <span class='ocr_line' id='line_1_39' title="bbox 380 4614 1248 4688; baseline -0.003 -18"><span class='ocrx_word' id='word_1_247' title='bbox 380 4616 433 4672; x_wconf 85' lang='lat' dir='ltr'>No.</span> <span class='ocrx_word' id='word_1_248' title='bbox 444 4617 489 4671; x_wconf 76' lang='lat'>4⁷.</span> <span class='ocrx_word' id='word_1_249' title='bbox 508 4615 931 4688; x_wconf 81' lang='lat' dir='ltr'>Wlegernewdrdeiehdeinen</span> <span class='ocrx_word' id='word_1_250' title='bbox 976 4614 1062 4668; x_wconf 87' lang='lat' dir='ltr'>Stelle</span> <span class='ocrx_word' id='word_1_251' title='bbox 1083 4616 1248 4670; x_wconf 89' lang='lat' dir='ltr'>einnimmst.</span> 
     </span>
    </p>
   </div>
   <div class='ocr_carea' id='block_1_7' title="bbox 0 0 1862 5292">
    <p class='ocr_par' dir='ltr' id='par_1_10' title="bbox 0 0 1862 5292">
     <span class='ocr_line' id='line_1_40' title="bbox 0 0 1862 5292; baseline 0 2"><span class='ocrx_word' id='word_1_252' title='bbox 0 0 1862 5292; x_wconf 95' lang='lat' dir='ltr'> </span> 
     </span>
    </p>
   </div>
  </div>
 </body>
</html>
