3716 5292
744 433 1019 502 mamma
1447 420 1523 502 in

374 607 443 673 Nec
464 612 533 674 tam
556 612 635 674 nota
657 607 746 692 mihi,
769 627 865 690 quam
888 614 973 692 sunt,
995 611 1083 677 mala
1106 617 1219 678 nostra
1242 611 1387 693 fuerunt3

418 714 513 780 Nunc
534 716 639 798 magis
661 715 730 797 hoc,
754 733 816 794 quo
839 720 916 796 sunt
939 717 1128 802 cognitiora,
1151 723 1302 801 gravant.

375 820 439 886 Est
461 839 588 902 quoque
609 839 674 886 non
696 821 842 904 nihilum,
864 823 952 890 vires
976 824 1094 890 afferre
1116 829 1271 906 recentes,

330 953 358 993 ao
417 928 486 992 Nec
507 932 811 1009 praeconsumptum
834 930 988 1011 temporis
1012 948 1082 996 csse
1104 931 1206 996 malis.

375 1032 510 1099 Fortior
532 1033 566 1098 in
589 1033 684 1101 balva
706 1053 810 1101 novus
834 1038 885 1101 est
907 1034 1053 1102 luctator
1074 1036 1207 1119 harena,

421 1141 525 1224 Quam
549 1141 602 1206 cui
624 1146 702 1206 sunt
725 1142 823 1206 tarda
845 1142 1000 1207 bracchia
1022 1142 1110 1208 fessa
1133 1161 1231 1208 mora.

375 1247 510 1330 Integer
533 1251 584 1313 est
606 1249 721 1314 melior
741 1247 856 1314 nitidis
879 1248 1046 1330 gladiator
1067 1249 1102 1315 in
1125 1249 1232 1330 armis,

421 1354 527 1437 Quam
550 1355 603 1420 cui
626 1355 694 1420 tela
717 1372 774 1420 suo
797 1355 957 1437 sanguine
980 1355 1086 1421 tincta
1108 1357 1236 1421 rubent.

331 1486 359 1526 aa
374 1459 457 1525 Fert
479 1460 563 1526 benc
585 1461 782 1543 praecipites
805 1461 901 1527 navis
922 1451 1015 1528 modo
1038 1463 1129 1527 facta
1151 1461 1322 1542 procellas:

296 1635 298 1640 ,
421 1564 608 1647 Quamlibet
630 1567 747 1650 exiguo
770 1567 911 1635 solvitur
932 1568 1035 1636 imbre
1057 1573 1162 1635 vetus.

376 1673 442 1738 Nos
465 1691 601 1757 quoque,
625 1692 710 1754 quae
732 1673 875 1758 ferimus,
898 1674 1032 1740 tulimus
1055 1675 1235 1756 patientius
1258 1678 1347 1738 ante:

422 1780 527 1863 Quam
550 1781 638 1846 mala
660 1785 739 1846 sunt
759 1779 859 1861 longa
881 1779 1101 1861 multiplicata
1123 1781 1188 1846 die!

378 1885 516 1969 Credite,
540 1885 666 1967 defici03
689 1891 864 1967 nostroque
887 1905 908 1951 a
930 1904 1064 1967 corpore
1087 1891 1243 1967 qnantum

331 2015 360 2054 ro
420 1993 581 2076 Auguror,
605 1993 765 2058 accedunt
786 1996 935 2074 tempora
957 2011 1063 2074 parva
1084 1993 1188 2058 malis.

377 2098 461 2165 Nam
483 2117 589 2180 neque
611 2103 688 2165 sunt
710 2099 806 2183 vires,
829 2117 889 2165 nec
913 2099 969 2179 qui
991 2099 1079 2165 color
1102 2117 1173 2164 esse
1196 2097 1334 2164 solebat:

422 2204 488 2271 Vix
511 2207 616 2272 habeo
639 2210 778 2290 tenuem,
801 2224 885 2287 quae
908 2209 1003 2288 tegat
1026 2224 1108 2288 ossa,
1131 2210 1247 2271 cutem.

378 2311 519 2392 corporo
541 2314 599 2378 sed
621 2331 711 2379 mens
735 2317 786 2378 est
810 2331 908 2394 aegro
931 2312 1036 2395 magis
1059 2330 1168 2395 aegra,
1190 2311 1331 2390 malique

420 2419 461 2483 In
484 2418 720 2501 circumspectu
742 2422 813 2484 stat
834 2419 905 2484 sinc
926 2418 991 2484 fine
1013 2419 1073 2484 sni.

331 2550 359 2590 a
375 2525 476 2590 Urbis
499 2527 596 2591 abest
619 2525 739 2607 facies.
754 2525 884 2608 absunt,
907 2543 980 2590 mea
1003 2543 1090 2605 cura,
1113 2523 1248 2604 sodales,

422 2631 478 2715 Et,
501 2650 567 2712 qua
589 2632 681 2697 nulla
702 2632 782 2696 mihi
805 2632 920 2714 carior,
943 2649 1026 2697 uxor
1048 2632 1150 2696 abest.

378 2737 505 2821 Vulgus
527 2741 622 2805 adest
645 2738 834 2820 Scythicum
857 2738 1058 2818 bracataque
1080 2737 1180 2802 turba
1203 2736 1372 2802 Getarum:

423 2845 477 2911 Sic
499 2864 558 2928 me,
582 2864 665 2926 quae
688 2845 783 2913 video
805 2862 869 2910 non
892 2845 1059 2926 videoque,
1082 2846 1223 2909 movent.

377 2953 453 3018 Una
475 2957 586 3018 tamen
609 2971 682 3034 spes
705 2957 765 3035 est,
787 2969 871 3033 quae
894 2969 945 3016 me
968 2949 1091 3016 soletum
1112 2949 1148 3014 in
1170 2947 1252 3030 istis,

332 3085 371 3124 so·
419 3059 511 3125 Haec
534 3059 604 3125 lore
626 3063 731 3125 morte
754 3077 826 3125 mea
849 3075 913 3123 non
937 3056 1092 3122 diuturna
1114 3054 1208 3121 mala.

721 3321 777 3390 llo.
793 3322 842 3390 49
867 3320 921 3404 (tr.
945 3319 993 3384 IV
1010 3319 1053 3401 8).

664 3478 738 3545 Iler
759 3475 927 3545 alterntle
949 3475 1112 3542 lllclrtar.

377 3637 447 3701 Iam
470 3655 543 3702 mea
566 3654 704 3718 cycneas
727 3635 899 3700 imitantur
921 3638 1069 3713 tempora
1092 3630 1227 3713 plumas,

421 3742 531 3808 Inficit
554 3749 589 3809 et
611 3743 724 3824 nigras
748 3740 825 3806 alba
848 3743 981 3806 senecta
1003 3756 1118 3804 comas.

377 3851 448 3916 Iam
471 3851 613 3916 subeunt
636 3849 714 3914 anni
736 3848 872 3931 fragiles
896 3851 931 3912 et
952 3845 1089 3910 inertior
1112 3847 1212 3924 aetas,

421 3957 556 4044 Iamque
578 3975 693 4038 pamm
716 3955 807 4021 firmo
830 3972 882 4019 me
904 3952 984 4018 mihi
1006 3951 1094 4017 ferre
1116 3967 1220 4031 grave
1243 3954 1302 4014 est.

295 4158 341 4213 30.
373 4156 641 4226 praeconsumptum]
664 4155 742 4208 nicht
766 4153 867 4208 vorhar
979 4151 1024 4206 47.
1062 4149 1187 4218 bacato]
1206 4146 1262 4218 vgl.
1281 4145 1333 4200 No.
1347 4143 1389 4208 52,
1402 4143 1443 4196 34.

264 4227 430 4282 ccohwiicht.

243 4247 263 4300 g
295 4297 341 4352 86.
377 4296 536 4365 quamlibet]
566 4312 601 4348 au
630 4297 744 4364 πέμποι
780 4293 867 4348 aelbst
979 4290 1033 4345 No.
1046 4289 1092 4344 ta.
1121 4287 1186 4341 Wie
1199 4285 1356 4356 anganehm
1367 4280 1529 4336 kbnnteich

244 4383 297 4420 von
316 4367 406 4420 einem
424 4367 568 4436 geringen.
911 4362 940 4413 in
963 4360 1036 4413 Rom
1062 4359 1116 4412 den
1139 4357 1209 4411 Rest
1235 4355 1340 4408 meiner
1362 4351 1443 4422 Tage
1469 4367 1529 4403 ver-

296 4435 342 4491 39.
378 4434 604 4518 deficio]esgeht
613 4434 665 4486 mit
673 4435 726 4487 mir
734 4450 769 4486 au
778 4431 866 4487 Eudo.
910 4429 1042 4500 bringen!
1269 4496 1275 4508 ⁸

295 4505 341 4561 44.
377 4504 459 4560 Sinn:
477 4505 524 4558 rch
536 4505 601 4556 muss
619 4504 764 4557 immeran
777 4505 866 4557 meino
980 4500 1008 4554 1.
1044 4504 1165 4568 tempora
1193 4492 1333 4550 Schlblen.

244 4575 341 4629 alenda
360 4574 440 4646 Lage
459 4574 576 4629 denken.
980 4568 1009 4624 ὓ.
1045 4567 1143 4636 inficit]
1182 4565 1245 4618 ‘rbt
