3716 5292
608 530 611 536 Ι
727 447 1001 516 mmmvm

357 625 405 689 At
427 629 464 689 tu
487 622 660 706 fortunam,
683 623 782 705 cuius,
807 641 904 689 vocor
927 623 1002 689 exul
1026 625 1067 689 ab
1092 642 1156 706 ore,

313 756 340 795 ao
400 730 537 796 Nomine
559 730 706 795 mendaci
729 747 826 810 parce
849 747 991 812 gravare
1013 733 1130 795 meam!

696 956 1033 1042 mmmvm

397 1115 442 1179 In
464 1114 568 1181 Tomi
589 1113 692 1180 iiiblt
713 1113 792 1180 sich
815 1115 873 1180 die
896 1114 994 1181 lluse
1010 1089 1124 1181 ”nicht
1146 1115 1335 1182 haimisch.

356 1271 488 1354 Scribis
512 1275 549 1335 ut
573 1271 732 1336 oblectem
755 1271 863 1337 studio
889 1271 1092 1337 lacrimabile
1115 1275 1251 1354 tempta,

400 1377 450 1443 Ne
472 1381 609 1458 pereant
631 1377 723 1458 tmpi
743 1382 879 1458 pectora
901 1381 1014 1443 nostra
1037 1378 1112 1443 situ.

355 1483 499 1550 Difficile
522 1488 581 1567 est,
606 1484 699 1566 quod,
723 1484 835 1566 amice,
857 1501 976 1566 mones,
999 1483 1077 1565 quia
1099 1485 1244 1549 carmina
1266 1485 1388 1549 laetum

399 1589 484 1655 Sunt
507 1608 586 1671 opus
610 1593 645 1655 et
667 1608 779 1671 pacem
802 1591 921 1655 mentis
943 1590 1064 1655 habere
1088 1589 1210 1656 volunt.

324 1696 477 1761 aNostra
499 1714 558 1778 par
581 1697 737 1762 adversas
760 1696 873 1778 agitur
895 1695 1029 1762 fortuna
1051 1695 1219 1777 procellas,

399 1802 495 1869 Sorte
517 1821 577 1868 nec
600 1801 669 1867 ulla
690 1819 763 1867 mea
785 1803 915 1868 tristior
938 1821 1008 1868 esse
1030 1806 1148 1883 potest.

353 1908 480 1992 Exigis,
503 1909 714 1974 ut'Priamus
736 1914 887 1974 natorum
910 1908 1025 1975 iuuere
1047 1908 1149 1990 ludat,

399 2015 446 2080 ut
468 2002 572 2080 Niobe
594 2015 697 2080 festos
722 2016 821 2080 ducat
843 2020 881 2080 ut
905 2017 985 2081 orba
1008 2014 1142 2081 choros?

355 2121 514 2187 Luctibus
537 2141 580 2186 an
603 2121 710 2186 studio
734 2121 849 2188 videor
871 2122 990 2187 debere
1013 2121 1127 2202 teneri,

311 2254 338 2292 ιο
398 2228 492 2294 Solus
514 2229 549 2293 in
572 2233 734 2293 extremos
757 2227 864 2294 iussus
888 2228 980 2293 abire
1002 2227 1127 2294 Getas?

354 2334 421 2399 Des
443 2335 523 2400 licet
544 2335 579 2399 in
603 2334 713 2400 valido
736 2338 850 2415 pectus
873 2335 953 2398 mibi
976 2334 1091 2400 robore
1114 2333 1243 2414 fultum,

399 2440 504 2506 Fama
527 2439 630 2505 refert
653 2440 757 2522 Anyti
781 2440 878 2520 quale
900 2439 1000 2505 inisse
1024 2458 1092 2505 reo:
1313 2447 1316 2453 '

353 2546 478 2611 Fracta
501 2547 596 2610 cadet
619 2550 735 2610 tantae
758 2545 922 2626 sapientia
943 2544 1028 2611 mole
1051 2545 1173 2611 ruinae.

397 2653 477 2717 Plus
500 2651 591 2717 valet
614 2652 763 2717 humanis
787 2651 913 2718 viribus
937 2651 988 2715 ira
1010 2652 1072 2716 (lei.

309 2786 335 2824 15
351 2757 414 2824 Ille
436 2777 546 2842 senex,
570 2759 677 2824 dictus
700 2758 830 2839 sapiens
854 2757 895 2822 ab
918 2756 1080 2839 Apolline,
1104 2757 1227 2822 nullum

399 2865 549 2934 Scribere
571 2865 606 2930 in
629 2865 690 2930 hoc
713 2882 792 2930 casu
814 2863 1022 2929 sustinuisset
1045 2881 1134 2944 opus.

356 2972 403 3038 Ut
425 2971 562 3037 veniant
584 2971 722 3054 patriae,
745 2971 882 3037 veniant
905 2970 1029 3036 oblivia
1051 2969 1165 3050 vestri,

399 3076 510 3142 Omnis
534 3082 569 3142 et
592 3077 702 3142 amissi
725 3095 837 3160 sensus
861 3077 975 3142 abesse
995 3082 1111 3157 queat:

355 3186 402 3249 At
425 3184 523 3248 timor
546 3182 650 3249 officio
674 3183 768 3265 iungi
790 3187 886 3250 vetat
908 3183 979 3264 ipse
1002 3183 1161 3264 quietum:

309 3317 337 3354 20
398 3289 531 3355 Cinctus
555 3290 596 3354 ab
619 3289 787 3355 innumero
810 3307 861 3355 me
884 3293 977 3355 tenet
999 3290 1094 3355 hoste
1117 3289 1219 3354 locus!

352 3397 456 3479 Adde,
480 3396 564 3477 quod
586 3395 752 3477 ingenium
775 3395 874 3478 longa
896 3395 1046 3477 robigine
1068 3395 1191 3460 laesum

398 3504 521 3584 Torpet
543 3505 578 3568 et
600 3505 651 3567 est
673 3502 785 3584 multo,
809 3520 905 3582 quam
928 3501 993 3566 init
1017 3505 1103 3584 ante,
1126 3501 1240 3566 minus.

352 3609 498 3692 Fertilis,
522 3608 651 3674 assiduo
675 3608 703 3672 si
726 3626 791 3673 non
813 3613 993 3674 renovatur
1016 3612 1136 3689 aratro,

396 3715 451 3778 Nil
473 3715 538 3780 nisi
561 3733 632 3780 cum
657 3714 759 3794 spinis
782 3732 917 3796 gramen
940 3714 1076 3779 habebit
1099 3731 1186 3795 agar.

287 3887 332 3942 29.
370 3889 448 3941 cuiue
471 3887 508 3940 ab
533 3888 589 3958 ore]
621 3887 711 3940 durch
744 3887 841 3941 dassen
938 3889 982 3942 lt.
1018 3888 1058 3955 ct]
1077 3886 1229 3939 konzessiv.

217 3955 342 4081 Munio·
359 4026 405 4081 a.
436 4028 463 4081 1·
496 4026 600 4095 aaa]
617 4025 841 4097 Baehmieuna
885 3975 1005 4097 „aiil
1019 3974 1280 4096 ttltlttitg·
1295 3978 1397 4025 mm*
1411 3970 1506 4023 dem

287 4094 336 4220 if‘
351 4095 657 4230 &italica
884 4131 982 4254 nb
999 4128 1506 4280 rtrttttuutuouuuu

601 4236 607 4248 -
766 4239 772 4264 t

216 4236 311 4376 ἓὲἶῖἓ
326 4233 585 4358 illitati&
598 4235 839 4374 {latitabit
883 4269 1045 4323 Derbe
1064 4269 1239 4322 Advarbium
1257 4285 1291 4319 2¹¹
1308 4267 1398 4337 fre·

285 4374 313 4428 9.
349 4392 388 4428 aa
407 4374 500 4427 videor
512 4373 739 4428 deberelucttbca
751 4375 841 4427 team
935 4357 981 4410 2¹·
1016 4356 1152 4425 mbiil'liss]
1180 4353 1372 4424 Ussffifigkeiit
1400 4355 1505 4423 eigessi·

215 4443 441 4514 modiolglaubst
453 4443 490 4495 du
503 4449 582 4508 etwn,
596 4443 643 4496 ich
655 4442 736 4496 sollte
749 4443 839 4498 durch
883 4426 962 4480 fich?
997 4425 1064 4496 VSI·
1084 4425 1119 4478 V·
1133 4425 1157 4478 2·

177 4581 180 4586 ,
214 4511 325 4635 11:333)
324 4513 399 4565 mich
409 4530 462 4567 von
471 4513 576 4566 meiner
585 4512 694 4566 Trauer
704 4512 838 4566 abhalten
882 4513 981 4635 unffi·
1018 4511 1077 4566 Vor
1095 4510 1199 4577 fartilia
1217 4527 1283 4580 aper
1299 4511 1367 4582 fuge
1389 4508 1503 4574 ,selber
