3714 5298
719 413 801 470 noe
821 414 1044 486 uvare-ma).

418 589 630 674 Longamque
651 589 838 670 imprudens
861 589 1039 662 exsoluisse
1062 591 1190 663 famem.

374 693 466 777 Quae
489 696 567 777 quia
588 694 747 780 principio
769 695 879 778 posuit
900 696 1024 768 ieiunia
1045 698 1161 781 nostia

418 801 559 884 Tempus
581 801 705 872 habent
726 805 855 884 mystae
878 803 988 873 sidera
1010 803 1084 872 visa
1106 803 1179 874 eibi.

373 906 489 972 Limen
510 911 549 973 nt
570 907 720 990 intravit,
743 908 851 976 luotus
873 909 966 978 videt
988 909 1096 981 omnia
1119 911 1227 994 plene,

316 1037 357 1077 120
418 1013 488 1079 Iam
510 1030 585 1094 spes
607 1013 642 1080 in
664 1033 763 1096 puero
787 1015 879 1086 nudie
900 1015 1019 1086 salutis
1043 1020 1124 1085 erat.

375 1119 484 1184 Matre
506 1118 655 1189 salutata
675 1156 721 1167 -
742 1124 850 1187 mater
871 1121 1038 1192 Metanira
1059 1128 1199 1192 voantur
1220 1161 1264 1176 ψ

417 1225 559 1310 Iungere
582 1225 720 1310 dignata
743 1231 795 1294 est
817 1245 852 1296 os
875 1227 1000 1309 puerile
1023 1247 1088 1298 suo.

374 1331 487 1397 Pallor
509 1332 589 1416 abit,
612 1332 803 1414 subitasque
825 1333 941 1401 rident
962 1334 997 1403 in
1019 1353 1154 1417 corpore
1176 1335 1272 1406 viros

420 1438 547 1504 Tantus
570 1439 706 1504 caelesti
727 1439 821 1506 venit
844 1441 886 1506 ab
910 1458 967 1509 ore
989 1440 1093 1524 vigor.

315 1568 356 1608 me
373 1544 458 1609 Tota
481 1544 592 1610 domus
614 1545 705 1611 laeta
728 1550 792 1612 est:
814 1547 875 1613 hoo
898 1551 1148 1631 armaturque
1171 1553 1330 1631 paterque

419 1649 585 1731 Nataque:
607 1655 676 1718 tres
697 1651 748 1721 illi
771 1657 844 1721 tota
866 1652 958 1720 inere
981 1654 1100 1721 domus.

374 1757 452 1822 Mox
475 1757 587 1837 epulas
609 1763 744 1841 ponunt,
765 1759 947 1839 liquefacta
970 1761 1107 1842 coagula
1128 1761 1217 1828 lanta

420 1863 586 1943 Pomaque
609 1867 644 1930 et
665 1863 700 1930 in
724 1864 807 1936 neris
830 1883 931 1932 aurea
953 1866 1051 1934 mella
1074 1867 1150 1934 suis.

375 1969 531 2035 Abstinet
554 1970 642 2038 alma
665 1970 770 2053 Cerea,
793 1972 959 2053 somnique
981 1992 1150 2055 papavera
1173 1993 1289 2045 causas

316 2102 358 2141 me
417 2076 488 2142 Dat
509 2075 572 2142 tibi
595 2095 667 2142 oum
690 2077 800 2158 tepido
823 2079 911 2146 laete
933 2079 1084 2164 bibenda,
1107 2099 1196 2163 puer.

374 2181 488 2248 Noctis
511 2187 585 2248 erat
607 2183 744 2249 madium
768 2184 952 2265 placidique
975 2186 1108 2256 silentia
1128 2188 1245 2256 somni:

419 2289 655 2371 Triptolemum
678 2290 801 2372 gremio
824 2292 959 2358 sustulit
980 2292 1041 2360 illa
1063 2311 1130 2376 suo,

375 2395 624 2486 Terquemanu
645 2396 817 2476 permulsit
839 2416 921 2480 eum,
944 2399 1011 2464 tria
1034 2400 1180 2466 carmina
1202 2401 1295 2484 <linit

420 2500 573 2568 Carmina
594 2502 727 2566 mortali
749 2521 814 2568 non
836 2503 1010 2570 referenda
1033 2523 1119 2588 sono,

315 2633 357 2672 me
372 2606 476 2686 Inque
498 2606 569 2672 ioco
593 2624 709 2688 corpus
730 2608 824 2688 pueri
846 2609 982 2682 virente
1004 2609 1122 2677 favilla

419 2710 547 2795 Obruit,
569 2713 745 2779 humanum
768 2719 887 2797 purget
910 2720 947 2781 ut
969 2716 1056 2798 ignis
1079 2735 1166 2783 onus.

374 2818 552 2884 Excutitur
574 2837 684 2885 somno
707 2820 809 2887 stulte
831 2821 887 2902 pia
910 2826 1025 2906 mater,
1048 2828 1083 2888 et
1105 2841 1216 2890 amens
1322 2895 1324 2898 ,

419 2924 513 3008 ‘Quid
535 2925 648 2992 iacisl’
672 2929 843 3012 exclamat,
866 2928 1075 3010 membraque
1098 2929 1140 2994 ab
1162 2928 1240 3012 igne
1262 2930 1360 3012 rapit.

262 3045 264 3048 ·
375 3030 434 3096 Oui
457 3034 519 3097 dea
541 3032 626 3098 ‘dum
648 3051 714 3099 non
737 3035 789 3117 es,'
813 3034 898 3102 dixit
920 3036 1091 3102 ‘scelerata
1113 3035 1223 3102 luisti:

315 3163 357 3202 140
416 3138 525 3203 Inrita
547 3143 695 3205 materno
718 3145 796 3212 sunt
817 3159 890 3209 mea
914 3142 997 3207 dona
1019 3146 1117 3209 matu.

374 3245 443 3310 Iste
467 3244 595 3325 quidem
617 3247 766 3312 mortalis
789 3247 865 3312 erit:
889 3248 1092 3330 sedprimus
1115 3248 1225 3318 arabit

419 3350 466 3415 Et
488 3356 577 3418 seret
600 3355 634 3417 et
657 3353 746 3420 culta
769 3354 915 3434 praemia
938 3354 1034 3420 tollet
1055 3355 1169 3422 humo!

375 3457 478 3541 Dixit,
502 3462 536 3523 et
558 3458 729 3540 egrediens
751 3460 870 3527 nubem
892 3459 1006 3543 trahit,
1028 3460 1127 3540 inque
1151 3461 1306 3526 dracones

419 3564 563 3646 Transit,
587 3569 621 3631 et
644 3564 760 3631 alifero
783 3566 913 3633 tollitur
936 3585 998 3632 axe
1021 3565 1126 3632 Ceres.

316 3695 357 3735 111
373 3668 494 3737 Sunion
518 3671 699 3752 expositum
722 3671 905 3752 Piraeaque
928 3677 1003 3740 tuta
1025 3690 1155 3739 recessu

419 3776 563 3860 Linquit,
587 3782 622 3844 et
643 3777 678 3844 in
701 3779 851 3850 dextrum
874 3797 959 3859 quae
980 3778 1067 3844 iacet
1090 3796 1149 3844 ora
1171 3778 1268 3844 latus.

312 3916 373 3973 116.
410 3914 566 3989 exsoluisse]
584 3940 620 3962 =
638 3916 792 3971 exsolvisse.
975 3916 1038 3971 lot.
1065 3915 1276 3986 atalte]nupr'a:
1298 3916 1343 3968 dia
1356 3914 1525 3971 anialsoher

312 3986 374 4042 117.
411 3987 507 4051 posuit
535 3983 652 4058 ieiunia]
682 4003 745 4038 anm
773 3991 862 4040 ersten
907 3985 991 4039 Stella
1009 3986 1072 4039 ihre
1089 3985 1268 4040 Mutterliebe
1286 3985 1436 4039 bewihrte.

241 4055 316 4110 Malo
336 4053 420 4125 (nauh
438 4053 536 4124 langer
555 4054 627 4124 Zeit)
647 4055 748 4109 wieder
766 4055 861 4126 Speise
976 4056 1038 4110 133.
1072 4054 1134 4121 ,Du
1152 4054 1216 4108 hast
1233 4053 1370 4125 gefrevelt
1384 4054 1441 4107 und
1454 4055 1525 4108 dooh

241 4143 275 4178 nu
305 4125 365 4179 sich
396 4123 487 4176 nahm.
535 4124 731 4179 Konetrniere:
761 4131 863 4192 mystae
905 4126 978 4178 auch
995 4124 1074 4178 nieht
1091 4123 1250 4196 gefrevelt.u

242 4195 299 4265 (die
316 4193 538 4266 Eingeweihten)
562 4194 665 4248 tabeat
687 4199 791 4264 tempus
807 4196 864 4250 eidi
966 4194 1037 4250 143.
1073 4195 1169 4264 trahit]
1188 4194 1263 4247 nieht
1281 4197 1375 4264 heran,
1399 4210 1447 4252 um
1465 4193 1525 4247 siah

241 4266 336 4320 adera
353 4268 415 4319 visa
434 4262 494 4331 (das
506 4262 676 4318 Ersoheinen
694 4263 743 4319 der
756 4263 860 4332 Storna,
904 4264 934 4320 in
959 4263 1005 4318 die
1023 4262 1126 4318 Wolke
1149 4281 1184 4318 nu
1208 4262 1311 4320 bullen.
1330 4293 1363 4305 -
1382 4263 1524 4334 maroam]

242 4336 268 4390 d.
287 4336 314 4388 h.
333 4335 387 4389 (len
404 4332 525 4402 Abend).
903 4333 1079 4387 Draohemwa
1100 4350 1141 4386 an.
1514 4353 1517 4404 j

312 4405 374 4460 132.
402 4403 503 4474 premio
520 4402 864 4471 ampliflnahmihnauf
974 4403 1037 4463 146.
1078 4351 1274 4456 {onatruierer
1303 4407 1329 4456 et
1354 4418 1430 4460 oront
1454 4417 1524 4469 quaa

242 4476 295 4528 deu
314 4473 412 4528 Schoss.
904 4473 976 4527 iacet
1003 4474 1034 4526 a'u
1060 4472 1186 4528 doxtrum
1212 4472 1286 4528 latas
1312 4471 1447 4541 (ulimlioh
1470 4489 1524 4528 von

312 4543 375 4598 133.
411 4541 543 4609 manian]
561 4539 791 4612 Weihesprdehe.
905 4541 1020 4598 Sunium
1038 4541 1105 4612 aus).
