3714 5298
845 460 941 514 Erster
962 459 1035 514 Teil.

432 623 496 689 Illa
519 623 570 689 sni
592 642 652 705 per
674 641 777 714 aquas
799 623 906 689 fertur
929 623 1095 688 tutissima
1117 623 1198 706 nati,

387 756 414 795 ao
474 730 653 812 Longaque
676 730 840 795 Phrixeae
862 733 982 812 stagna
1005 729 1125 794 sororis
1149 730 1232 795 adit:

393 861 395 864 ·
431 835 676 916 Rhoeteumque
699 853 812 919 rapax,
836 835 1000 917 Sigeaque
1021 835 1121 901 litora
1144 835 1266 900 transit

476 942 523 1007 Et
546 943 708 1025 Tenedon,
730 945 861 1008 veteres
884 941 1033 1007 Eetionis
1055 960 1141 1022 opes.

431 1047 588 1131 Cyclades
612 1047 789 1130 excipiunt,
810 1048 918 1113 Lesbo
940 1051 1016 1128 post
1039 1052 1135 1129 terga
1157 1046 1282 1130 relicta,

476 1152 612 1235 Quaque
635 1153 802 1236 Carysteis
825 1152 993 1236 frangitur
1015 1155 1102 1218 unda
1125 1154 1228 1220 vadis.

385 1285 413 1325 aa
429 1259 565 1325 Transit
588 1264 622 1324 et
644 1260 795 1342 Icarium,
818 1259 928 1339 lapsas
950 1259 1007 1324 ubi
1029 1260 1173 1340 perdidit
1195 1260 1268 1326 alas

475 1365 596 1448 Icarus,
621 1370 655 1430 et
678 1369 796 1440 vastae
818 1365 950 1430 nomina
972 1364 1053 1430 iecit
1077 1384 1193 1446 equae,

429 1472 512 1537 Tum
535 1471 632 1538 laeva
655 1470 783 1554 Creten,
807 1473 924 1536 dextra
947 1471 1140 1551 Pelopeidas
1163 1473 1266 1537 undas

474 1577 614 1661 Deserit,
638 1581 672 1642 et
694 1578 832 1644 Veneris
854 1596 950 1643 secra
973 1577 1117 1660 Cythera
1139 1578 1234 1659 petit.

430 1683 516 1748 Hinc
538 1701 628 1750 mare
650 1683 867 1767 Trinacrium,
889 1685 1031 1762 candens
1054 1684 1111 1751 ubi
1133 1684 1285 1766 tinguere
1307 1684 1429 1752 ferrum

385 1815 413 1854 to
473 1787 614 1854 Brontes
637 1793 672 1854 et
694 1788 848 1870 Steropes
870 1790 1128 1871 Acmonidesque
1150 1791 1265 1873 solent,

430 1896 648 1975 Aequoraque
670 1895 754 1960 Afra
777 1896 868 1978 legit,
892 1897 1079 1977 Sardoaque
1102 1915 1206 1979 regne
1228 1896 1372 1962 sinistris

474 2000 623 2083 Respicit
647 2021 667 2067 a
689 2001 795 2084 remis,
818 2003 1060 2082 Ausoniamque
1083 2007 1184 2069 tenet.

430 2105 525 2173 Ostia
548 2108 743 2192 contigerat,
766 2124 831 2187 qua
854 2125 889 2172 se
912 2107 1086 2185 Tiberinus
1108 2108 1143 2172 in
1167 2109 1270 2174 altum

474 2213 604 2280 Dividit
628 2217 661 2278 et
685 2230 797 2293 campo
820 2213 973 2278 hberiore
995 2216 1105 2290 natat;

385 2347 413 2386 a
430 2318 540 2385 Omnis
563 2337 661 2398 eques
683 2319 852 2400 mixtaque
874 2319 987 2401 gravis
1011 2337 1083 2384 cum
1105 2319 1201 2400 plebe
1223 2323 1357 2385 senatus

475 2424 600 2492 Obvius
623 2426 666 2506 ad
689 2426 787 2491 Tusci
812 2425 953 2491 fluminis
976 2443 1034 2491 ora
1056 2425 1157 2502 venit.

430 2532 615 2597 Procedunt
636 2531 763 2613 pariter
785 2536 907 2600 matres
930 2536 1095 2613 nataeque
1114 2549 1282 2612 ,nurusque

474 2637 630 2721 Quaeque
653 2637 764 2721 oolunt
787 2643 917 2704 sanctos
940 2638 1136 2721 virginitate
1159 2637 1255 2704 iocos.

430 2744 551 2810 Sedula
573 2743 653 2824 lune
675 2744 740 2822 viri
764 2749 916 2810 contento
938 2745 1100 2820 bracchia,
1116 2745 1272 2809 lassant:

386 2876 413 2916 a
473 2850 540 2916 Vix
562 2851 652 2917 subit
675 2851 831 2925 adversas
853 2851 984 2931 hospita
1006 2850 1102 2916 navis
1125 2868 1236 2930 aquas

430 2956 524 3040 Sicca
548 2956 604 3021 diu
625 2955 737 3021 luerat
760 2956 866 3037 telluS,
890 2956 963 3020 sitis
986 2959 1117 3032 usserat
1140 2955 1271 3028 herbas:

474 3061 567 3128 Sedit
589 3061 702 3126 limoso
725 3078 838 3141 pressa
862 3061 974 3126 carina
997 3061 1091 3134 yado.
1257 3149 1258 3152 Ἴ

429 3167 583 3252 Quisquis
606 3167 701 3232 adest
724 3166 823 3248 operi,
845 3165 919 3247 plus
942 3184 1040 3246 quam
1061 3185 1120 3248 pro
1143 3171 1240 3248 parte
1262 3167 1402 3250 laborat,

473 3274 621 3341 Adiuvat
644 3276 679 3350 et
701 3271 798 3338 fortis
821 3290 901 3339 voce
923 3277 1061 3351 sonante
1083 3291 1207 3338 manus

384 3405 412 3446 aa
427 3379 492 3445 llla
514 3379 607 3446 velut
630 3379 734 3445 medio
758 3377 889 3444 stabilis
910 3377 1004 3444 sedeo
1025 3379 1132 3444 insula
1155 3382 1263 3459 ponto.

472 3486 620 3569 Attoniti
642 3488 785 3568 monstro
809 3488 971 3565 stantque
987 3489 1175 3566 paventque
1199 3485 1272 3550 viri.

430 3591 566 3658 Claudia
588 3591 712 3675 Quinte
734 3609 836 3674 genus
860 3591 977 3656 Clauso
1000 3589 1166 3656 referebat
1189 3591 1231 3655 ab
1255 3590 1332 3673 alto,

473 3697 541 3762 Nec
563 3697 666 3780 iacies
688 3698 794 3778 impar
815 3697 992 3763 nobilitate
1015 3696 1091 3762 fuit:

430 3803 529 3870 Casta
552 3804 691 3886 quidem,
714 3804 857 3871 sednon
880 3808 915 3869 et
938 3803 1073 3869 credita.
1118 3821 1229 3868 rumor
1249 3803 1388 3884 iniquus.

384 3915 426 3978 ω’
471 3910 641 3992 Laeserat,
665 3914 699 3974 et
721 3909 799 3975 falsi
822 3910 967 3978 criminis
990 3913 1067 3975 acta
1089 3927 1146 3974 rea
1169 3914 1228 3974 est.
1274 3915 1278 3923 '

346 4150 392 4214 20.
427 4151 500 4220 nota]
516 4149 672 4272 Neptunus
1013 4151 1059 4204 52.
1082 4151 1191 4220 presso]
1204 4149 1350 4204 adverbral
1361 4150 1491 4205 anecdot
1502 4147 1584 4216 ,fnhr

347 4221 418 4275 30-
421 4220 466 4274 43.
502 4218 556 4274 Nic
578 4219 679 4274 tohne
695 4219 748 4274 den
760 4218 843 4272 Atlas
854 4235 917 4289 pre-
959 4219 1040 4273 fest&

294 4289 436 4360 perierem!
1012 4289 1058 4343 58.
1093 4287 1249 4358 nobslitatc]
1278 4289 1365 4344 ablat.
1394 4287 1583 4342 limitationis·

346 4360 396 4418 45.
426 4360 531 4429 mavis]
549 4358 709 4416 wurdevoll
960 4357 1186 4411 ihreSchiinheit
1197 4359 1390 4412 waruichtun
1411 4357 1506 4426 leich(
1506 4373 1582 4410 nam-

347 4430 393 4484 50.
428 4428 511 4513 subit]
531 4428 719 4484 iiberwindet.
959 4425 1044 4481 lich
1036 4445 1066 4480 m
1079 4426 1180 4509 Beuug
1199 4427 1251 4481 auf
1266 4427 1319 4482 don
1334 4428 1420 4498 Ad)
1437 4359 1582 4480 5555505-

347 4499 393 4555 51.
428 4500 501 4569 sitis]
524 4499 574 4555 dan
598 4515 654 4552 was
677 4489 765 4552 Dure
788 4503 916 4569 erzeugt.
959 4497 1086 4551 burtzr
1064 4497 1104 4551 sie
1128 4514 1186 4550 war
1210 4498 1311 4551 ehenso
1333 4499 1432 4564 schlin,
1457 4497 1511 4550 vie
1527 4513 1583 4550 von

294 4568 492 4624 'I'rochenheit
960 4568 1124 4621 vornehmer
1111 4567 1355 4639 r.Abstemmung
