3716 5292
784 423 1056 491 Mfflme

411 598 477 663 Vix
499 616 559 680 ope
583 598 711 664 castelli
735 597 945 674 defendimur.
984 603 1152 664 ettamen
1174 598 1264 664 intus

454 704 562 770 Mixta
583 703 667 769 facit
689 703 825 770 Graecis
847 693 992 770 barbara
1014 705 1113 770 turba
1136 710 1265 770 metum.

411 809 537 892 Quippe
561 809 655 876 simul
678 811 771 876 nobis
794 811 926 876 habitat
949 811 1134 877 discrimine
1155 811 1244 877 nullo

366 940 393 978 co
454 916 620 996 Barbarus
645 921 679 982 et
701 917 784 982 tecti
805 917 879 999 plus
902 935 1029 1001 quoque
1052 922 1147 1000 parte
1169 922 1269 984 tenet.

412 1021 498 1104 Quos
521 1027 559 1087 ut
581 1042 646 1089 11011
668 1025 794 1105 timeas,
816 1024 920 1105 possis
944 1024 1049 1090 odisse
1071 1024 1211 1091 videndo

456 1129 602 1196 Pellibus
625 1135 660 1195 et
682 1131 781 1213 longa
804 1149 938 1212 corpora
961 1134 1052 1196 tecta
1075 1147 1173 1196 coma.

411 1236 479 1301 Hos
503 1255 638 1320 quoque,
666 1237 722 1318 qui
744 1237 850 1320 geniti
873 1236 976 1302 Graia
998 1239 1175 1302 creduntur
1198 1237 1239 1300 ab
1263 1237 1352 1316 urbe,

456 1342 521 1406 Pro
543 1343 652 1424 patrio
676 1343 767 1408 cultu
789 1343 923 1409 Persica
944 1345 1045 1408 braca
1068 1343 1162 1426 tegit.

367 1471 394 1510 1
410 1449 577 1514 Exercent
598 1449 649 1512 illi
672 1441 778 1521 sociae
802 1451 993 1515 commercia
1015 1450 1160 1532 linguae:

456 1554 521 1619 Per
543 1559 671 1637 gestum
694 1575 746 1621 res
770 1561 821 1621 est
843 1555 1056 1640 significanda
1078 1555 1166 1620 mihi.

411 1660 579 1726 Barbarus
601 1661 656 1726 hic
678 1680 738 1744 ego
761 1681 840 1745 sum,
864 1663 919 1744 qui
942 1681 1006 1728 uon
1029 1662 1203 1744 intellegor
1225 1659 1293 1742 ulli,

458 1768 504 1831 Et
527 1767 636 1833 rident
659 1768 771 1833 stolidi
793 1770 896 1835 verba
918 1769 1041 1834 Latina
1063 1769 1181 1849 Getae3

412 1874 531 1954 Meque
553 1874 662 1955 palam
685 1875 726 1940 de
749 1893 800 1940 me
822 1880 896 1941 tuto
920 1875 1004 1940 male
1027 1871 1124 1956 saepe
1146 1874 1324 1954 loquuntur

368 2003 397 2042 40
456 1979 611 2045 Forsitan
634 1981 780 2048 obiciunt
803 1982 999 2062 exiliumque
1022 1981 1110 2064 mihi,

413 2085 523 2165 Atque
546 2087 580 2150 in
603 2105 654 2152 me
678 2106 812 2172 semper,
835 2089 865 2154 si
888 2089 966 2170 quid
988 2088 1171 2154 dicentibus
1193 2086 1259 2150 illis

458 2192 637 2259 Abnuerim
661 2195 811 2275 quotiens
835 2195 1074 2278 adnuerimque,
1096 2198 1224 2276 putant.

414 2287 516 2382 Adde,
539 2301 624 2381 quod
647 2301 805 2368 iniustum
827 2301 933 2384 rigido
957 2301 1007 2366 ius
1031 2300 1152 2365 dicitur
1175 2318 1259 2381 ense,
1342 2349 1343 2352 ,

458 2405 590 2472 Dantur
613 2411 647 2472 et
669 2407 704 2471 in
727 2407 831 2473 medio
854 2408 993 2475 munera
1015 2425 1112 2488 saepe
1134 2406 1214 2474 loro.

369 2509 441 2576 450
465 2512 578 2576 duram
601 2513 772 2596 Lachesin,
796 2532 880 2594 quae
902 2519 971 2578 tam
993 2531 1096 2596 grave
1119 2513 1208 2578 sidus
1231 2512 1367 2576 habenti

460 2617 536 2682 Fila
559 2618 649 2684 dedit
671 2620 762 2685 vitae
785 2638 849 2685 uon
872 2621 1024 2687 breviora
1046 2620 1149 2684 meae!

322 2733 324 2742 '
416 2723 510 2806 Quod
531 2725 660 2806 patriae
683 2725 779 2792 vultu
801 2730 975 2808 vestroque
999 2743 1153 2808 caremm,
1177 2724 1280 2807 amici,

460 2831 570 2910 Atque
593 2831 647 2896 hic
669 2832 703 2898 in
727 2832 891 2920 Scythicis
914 2832 1068 2914 gentibus
1091 2849 1161 2897 esse
1184 2849 1312 2912 queror:

416 2936 565 3018 Utraque
587 2956 692 3019 poena
714 2939 835 3020 gravis.
874 2939 977 3004 merui
999 2943 1110 3003 tamen
1133 2938 1223 3004 Urbe
1247 2954 1366 3018 carere,

372 3066 399 3104 50
459 3043 531 3108 Non
553 3044 657 3108 merui
679 3044 742 3109 tali
764 3044 903 3110 forsitan
927 3063 996 3112 esse
1018 3045 1097 3110 loco.

417 3146 504 3229 Quid
525 3149 639 3230 loquor
661 3152 694 3216 al
718 3151 868 3218 demens?
891 3152 995 3232 ipsam
1019 3169 1146 3233 quoque
1169 3151 1304 3231 perdere
1327 3149 1440 3230 vitam,

463 3253 612 3320 Caesaris
635 3256 756 3323 offenso
778 3259 918 3340 numine,
943 3258 1060 3340 dignus
1083 3267 1179 3323 eram.

337 3481 381 3534 29.
418 3481 576 3534 discrimine
598 3480 681 3550 11110]
709 3481 782 3536 ohne
805 3481 905 3536 Unter-
1002 3485 1047 3538 33.
1081 3479 1570 3552 9111116011111011,111110110ρίοΙ.

285 3549 388 3602 sehied.
1001 3552 1046 3607 39.
1082 3553 1150 3622 tuto]
1180 3554 1216 3604 ist
1246 3552 1408 3606 adverbium
1438 3569 1473 3603 zu
1501 3549 1570 3604 male

337 3620 383 3674 30.
414 3621 481 3688 plus
493 3625 578 3688 parte
596 3621 674 3689 teeti]
692 3618 906 3674 kollektivisch:
949 3621 1111 3688 loquantur:
1139 3620 1295 3692 gefahrlos‚
1323 3621 1385 3675 weil
1410 3618 1482 3674 Ovid
1509 3619 1569 3671 sich

286 3688 332 3740 die
371 3689 467 3743 rbssere
484 3688 630 3744 Mehraahl
648 3690 698 3743 der
714 3689 833 3744 Hiiuser.
950 3691 1028 3745 nieht
1040 3692 1212 3762 verteidigen
1224 3691 1309 3756 kann,
1327 3690 1567 3744 (1101110111οτ-

338 3706 1525 3830 fiffimfflmmffimmmmmfflwmmm

286 3827 907 3898 mmmmmmmmfflm
1001 3829 1566 3886 Mffimwffimwfflm

286 3913 351 3949 man
369 3897 442 3951 doeh
453 3897 588 3952 Abseheu
605 3916 656 3953 vor
671 3899 761 3953 ihrem
774 3898 906 3953 Anbliek.
950 3898 1069 3954 Worten
1088 3900 1144 3970 (die
1156 3901 1203 3953 ich
1216 3901 1249 3970 je
1261 3900 1339 3963 nieht
1351 3899 1488 3966 verstehe)
1508 3898 1569 3951 eine

338 3968 384 4023 33.
423 3968 515 4022 Graia
533 3969 569 4022 ab
587 3970 664 4038 urbe]
682 3985 736 4022 von
755 3968 818 4022 dem
856 3970 907 4022 rie·
951 3968 1570 4036 zuatimmendeoderabweisendeBewegung

287 4037 418 4091 chirchen
432 4036 512 4091 'Pelle
529 4037 579 4090 der
590 4037 794 4110 Bevblkerung.
825 3987 908 4093 lffomi
951 4040 1062 4108 maehe,
1081 4040 1178 4093 immer
1196 4039 1277 4110 legen
1295 4038 1335 4093 sie
1353 4054 1381 4092 es
1399 4056 1434 4090 zu
1452 4037 1570 4090 meinem

286 4109 347 4177 gelt
365 4108 406 4162 als
425 4109 487 4160 eine
504 4105 624 4161 Kolonia
646 4107 695 4162 der
713 4108 795 4162 Stadt
812 4107 907 4177 Milet3
951 4109 1100 4165 Nachteile
1118 4111 1161 4176 (in
1177 4110 1228 4178 me)
1247 4125 1304 4162 aus.

286 4177 341 4246 vgl.
360 4176 413 4231 No.
432 4177 474 4248 36,
492 4177 535 4230 41.
1004 4179 1049 4234 45.
1085 4179 1173 4248 11111]
1192 4177 1345 4233 Schicksal.
