3714 5298
822 451 941 510 Zwaiter
963 453 1035 510 Teil.

462 613 601 679 sarcina
620 616 730 681 laturo
753 635 874 699 magna
896 616 1028 684 iuturus
1052 637 1134 685 eras.

416 719 530 801 Longa
553 721 610 787 via
633 725 692 804 est
714 725 867 804 propera!
905 725 998 791 nobis
1021 726 1230 793 habitabitur
1252 728 1341 794 orbis

460 825 612 910 Ultimus,
635 847 656 894 a
678 832 769 893 terra
791 833 884 895 terra
905 834 1030 896 remota
1052 849 1133 897 mca.

782 1099 838 1169 iio.
855 1101 889 1170 31
913 1101 969 1187 (tr.
991 1101 1069 1187 12).

745 1255 791 1321 In
813 1253 1104 1326 Sturmesniiten.

415 1410 458 1475 Di
480 1411 580 1477 maris
604 1416 639 1477 et
662 1412 753 1494 caeli,
776 1449 821 1459 -
843 1413 922 1494 quid
944 1414 1029 1480 enim
1053 1415 1116 1480 nisi
1138 1420 1219 1483 vota
1241 1420 1439 1500 supersunt?
1465 1459 1507 1467 —

458 1517 594 1584 Solvere
616 1522 791 1599 quassatae
813 1519 942 1599 parcite
964 1521 1109 1587 membra
1131 1523 1224 1605 ratis,

414 1622 514 1706 Neve,
536 1642 660 1707 precor,
682 1625 794 1707 magni
817 1626 1014 1693 subscribite
1037 1627 1188 1694 Caesaris
1210 1629 1292 1695 irae!

457 1728 563 1810 Saepe
584 1734 752 1811 premente
776 1733 835 1797 deo
858 1732 926 1797 fert
949 1734 1027 1799 deus
1051 1733 1138 1799 alter
1160 1753 1261 1816 opem.

383 1835 573 1903 emmoiber
594 1836 629 1901 in
653 1836 793 1920 Troiam,
816 1856 874 1919 pro
898 1839 998 1904 Troia
1020 1840 1133 1906 stabat
1156 1840 1285 1922 Apollo:

457 1943 573 2023 Aequa
595 1943 706 2008 Venus
729 1944 873 2028 Teucris,
895 1944 1008 2010 Pallas
1030 1945 1143 2026 iniqua
1165 1946 1239 2014 fuit

414 2046 536 2114 Oderat
560 2049 694 2115 Aenean
716 2051 849 2134 propior
872 2049 1029 2116 Saturnia
1052 2052 1178 2118 Tmmc:

456 2155 518 2220 Hle
540 2159 651 2221 tamen
673 2155 812 2221 Veneris
835 2156 965 2220 numine
987 2160 1080 2223 tutus
1104 2163 1185 2223 erat.

413 2260 518 2340 Saepe
540 2259 634 2326 ferox
657 2266 788 2325 cautum
810 2260 909 2342 petiit
931 2260 1102 2342 Neptunus
1125 2263 1258 2330 Ulixen:

369 2393 396 2430 ιο
456 2366 590 2448 Eripuit
612 2371 731 2448 patruo
755 2385 853 2449 saepe
874 2367 1027 2435 Minerva
1049 2387 1116 2435 suo.

411 2471 459 2537 Et
481 2472 574 2539 nobis
597 2472 737 2557 aliquod,
761 2473 909 2555 quamvis
933 2475 1091 2541 dmtamus
1115 2475 1257 2560 abillis,

455 2578 535 2662 Quis
558 2582 653 2645 vetat
675 2579 761 2646 irato
785 2598 903 2646 numen
926 2582 1040 2647 adesse
1063 2581 1143 2649 deo?
1315 2571 1318 2578 ’

410 2685 522 2751 Verba
543 2684 643 2750 miser
665 2684 791 2752 frustra
813 2705 878 2752 non
900 2687 1106 2768 proficientia
1128 2690 1228 2770 perdo

454 2791 531 2873 Ipsa
554 2809 673 2874 graves
696 2797 856 2874 spargunt
880 2811 939 2859 ora
960 2794 1123 2874 loquentis
1146 2813 1260 2877 aquae,

366 2919 393 2960 a
409 2897 644 2978 Terribilisque
665 2903 762 2964 notus
784 2899 890 2965 iactat
912 2918 986 2966 mea
1009 2900 1106 2982 dicta,
1128 2918 1306 2982 precesque

454 3004 508 3068 Ad
529 3020 608 3083 quos
630 3004 816 3087 mittuntur,
837 3022 903 3069 non
925 3004 1005 3070 sinit
1027 3005 1077 3070 ire
1098 3006 1183 3072 deos.

410 3109 499 3191 Ergo
522 3109 608 3174 idem
630 3110 732 3192 venti,
754 3128 796 3175 ne
819 3127 920 3175 causa
940 3110 1055 3176 laedar
1077 3112 1112 3176 in
1134 3130 1209 3195 una,

454 3215 603 3295 Velaque
625 3215 734 3281 nescio
758 3234 820 3296 quo
843 3219 987 3296 votaque
1009 3224 1124 3284 nostra
1145 3217 1267 3283 ferrmt.

409 3321 464 3386 Me
486 3321 646 3405 miserum,
670 3321 786 3401 quanti
808 3327 934 3388 montes
956 3322 1136 3391 volvuntur
1159 3325 1329 3405 aquarum!

366 3451 393 3491 no
453 3427 523 3492 Iam
546 3427 611 3494 iam
634 3430 782 3494 tacturos
805 3429 915 3494 sidera
936 3447 1061 3495 summa
1082 3434 1187 3511 putes.

410 3532 560 3615 Quantae
584 3533 715 3599 diducto
738 3534 911 3600 subsidunt
934 3553 1075 3616 aequore
1098 3535 1215 3603 vadles!

454 3640 525 3705 Iam
547 3639 614 3705 iam
636 3644 786 3707 tacturas
809 3641 952 3707 Tartara
974 3641 1071 3723 nigra
1093 3647 1198 3722 putes.

328 3865 391 3920 126.
427 3863 534 3918 Wollte
552 3864 599 3917 ich
615 3863 772 3919 allemcine
785 3863 898 3936 Klagen
1011 3866 1039 3920 3.
1066 3862 1565 3932 sabaaibitcircc]unteratdtntnicht

276 3933 334 3988 und
346 3934 502 3988 Gedanken
516 3935 711 4003 cumprechen,
729 3935 849 3988 wurdert
860 3935 897 3988 du
941 3935 1015 3988 noch
1033 3935 1086 3988 den
1105 3935 1191 4003 Zorn3
1215 3949 1244 3986 cc
1261 3933 1298 3986 ist
1321 3932 1367 3986 ain
1388 3931 1563 4002 juristischar

276 4021 311 4056 zu
334 4003 441 4057 schwer
462 4004 573 4058 werden
597 4002 643 4056 fiir
666 4003 735 4072 den,
759 4005 808 4058 der
831 4004 898 4057 dicb
941 4004 1102 4058 Terminus:
1121 4005 1184 4057 eine
1196 4003 1291 4074 Klage
1303 4001 1397 4055 warde
1415 4001 1494 4054 nicht
1511 4018 1564 4054 nur

277 4073 349 4126 nach
368 4071 440 4126 Rom
456 4073 520 4127 brin
542 4091 575 4126 en
594 4073 653 4127 soll.
940 4089 1004 4127 vom
1022 4073 1131 4145 Klbger
1148 4072 1248 4139 selbot,
1273 4071 1391 4125 condem
1414 4070 1488 4124 auch
1508 4087 1563 4125 von

345 4142 400 4198 No.
418 4143 463 4198 31.
539 4143 646 4197 dhrend
669 4144 719 4197 dar
739 4140 830 4198 Schiff
850 4142 898 4196 des
942 4139 1563 4208 cinamodermahrerensubmriptorasunter·
1643 4141 1647 4147 “

277 4211 423 4278 Dichtere‚
448 4211 497 4265 das
520 4212 570 4265 ihn
588 4213 662 4266 nach
679 4212 762 4266 Tomi
778 4212 898 4282 bringeri
940 4213 1077 4267 neichnet.

277 4281 337 4349 coll,
355 4283 395 4335 im
411 4281 559 4336 Ionischen
577 4282 670 4336 Meere
688 4281 779 4350 fiihrt,
803 4281 898 4335 bricht
994 4283 1039 4338 12.
1076 4279 1136 4352 deo]
1154 4281 1306 4351 Augustum.

277 4353 323 4406 ein
349 4350 528 4405 firrchtbarer
555 4351 649 4406 Sturm
679 4368 742 4418 arra,
773 4350 823 4404 der
849 4351 899 4403 das
994 4353 1040 4408 11.
1076 4351 1157 4406 Simu:
1176 4351 1256 4403 nicht
1267 4365 1328 4417 nur,
1341 4348 1396 4400 ded
1409 4346 1458 4400 der
1471 4344 1564 4399 Sturm

278 4420 370 4476 Schiff
378 4422 435 4475 fast
445 4421 518 4474 nach
531 4420 635 4475 Italien
646 4419 896 4491 zuriickgeschleu·
942 4421 992 4474 das
1018 4419 1109 4493 Sebiff
1128 4421 1158 4472 in
1182 4418 1293 4474 Gefehr
1315 4417 1425 4487 bringi,
1453 4431 1482 4468 er
1505 4431 1564 4469 ver·

277 4491 340 4545 dett
351 4491 438 4544 bitte.
452 4490 640 4546 -Abfaseun
673 4491 742 4544 neit:
763 4491 819 4545 dn.
832 4489 897 4544 Chr.
942 4490 1017 4544 weht
1035 4492 1108 4544 auch
1126 4489 1200 4544 mein
1219 4487 1320 4543 Gebet.

346 4560 374 4617 2.
406 4562 527 4630 percite]
544 4561 651 4630 poetice
688 4559 734 4613 fur
752 4560 846 4615 nolite.
994 4560 1039 4616 21.
1075 4559 1169 4629 cama]
1187 4556 1350 4630 Abgr'dnde.
