3714 5298
316 451 361 517 38
799 499 803 506 ·
864 463 959 517 Erster
981 461 1054 517 Teil.
1110 475 1112 482 ·

407 653 434 692 aa
449 626 536 691 Eece
558 645 659 692 nurus
682 626 770 710 regis
792 626 874 693 fusis
896 645 956 708 per
978 625 1061 692 colla
1085 627 1212 692 coronis

494 732 672 798 inveniunt
694 733 801 814 posito
823 732 1024 815 pervigilare
1045 751 1142 798 mero.

452 837 533 904 Inde
556 839 621 905 cito
645 857 745 921 passu
766 838 894 919 petitur
915 838 1084 904 Lucretia:
1106 839 1219 920 nebat,

496 945 584 1010 Ante
606 949 714 1010 torum
737 945 862 1010 calathi
884 944 1025 1024 lanaque
1047 944 1153 1010 mollis
1177 950 1259 1010 erat.

453 1052 578 1118 Lumen
598 1052 645 1138 ad
668 1050 821 1133 exiguum
843 1050 987 1116 famulae
1010 1052 1090 1116 data
1112 1069 1214 1132 pensa
1237 1052 1429 1117 trahebant:

407 1183 435 1222 a
494 1157 589 1222 Inter
611 1174 692 1237 quas
714 1157 807 1222 tenui
829 1157 876 1223 sic
899 1157 949 1222 ait
970 1157 1042 1238 ipsa
1065 1175 1155 1222 sono:

452 1263 626 1330 ‘Mittenda
649 1267 700 1328 est
722 1263 849 1328 domino
872 1300 916 1310 -
938 1281 1032 1346 nunc,
1054 1281 1141 1327 nunc
1162 1269 1346 1348 properate,
1369 1264 1510 1346 puellae!
1534 1301 1579 1312 -

497 1367 741 1450 Quamprimum
763 1374 877 1436 nostra
900 1368 992 1434 lactc
1014 1369 1147 1434 lacerna
1169 1388 1297 1435 manu·
1605 1376 1610 1385 '

454 1476 541 1558 Quid
562 1480 674 1540 tamen
697 1473 840 1540 auditis?
874 1492 950 1540 nam
972 1474 1068 1556 plura
1091 1475 1206 1540 audire
1228 1476 1379 1557 potestis:

498 1581 663 1666 Quantum
687 1580 834 1649 debello
859 1581 980 1646 dicitur
1002 1599 1072 1646 esse
1095 1581 1212 1660 super?

411 1715 438 1755 a
453 1688 627 1755 Postmodo
651 1687 743 1754 victa
766 1687 874 1752 cades!
912 1685 1108 1771 melioribus,
1131 1688 1250 1770 Ardea
1273 1689 1392 1753 restas!

498 1794 650 1877 Inproba,
673 1811 758 1873 quae
780 1798 908 1859 nostros
932 1793 1020 1876 cogis
1044 1794 1161 1859 abesse
1182 1793 1279 1860 viros,

454 1899 528 1967 Sint
550 1904 682 1965 tantum
704 1899 851 1965 reduces!
889 1900 946 1964 sed
969 1899 1054 1964 enim
1077 1900 1271 1966 temeramus
1293 1901 1357 1966 ille.

498 2006 562 2071 Est
583 2023 683 2087 meus,
707 2009 741 2070 et
764 2005 880 2076 stricto
903 2004 1049 2084 quolibet
1072 2024 1148 2071 ense
1171 2007 1247 2071 ruit.

453 2112 547 2178 Mens
570 2111 642 2176 abit
665 2115 699 2176 et
721 2110 849 2192 morior,
874 2110 1022 2189 quotiens
1044 2113 1221 2193 pugnantis
1244 2113 1351 2196 imago

411 2241 438 2281 so
497 2217 552 2282 Me
574 2217 673 2299 subit,
696 2220 731 2280 et
753 2215 896 2298 gelidum
917 2219 1052 2296 pectora
1072 2215 1179 2298 frigus
1201 2217 1320 2283 hebet!

455 2323 586 2389 Desinit
608 2323 642 2387 in
664 2321 825 2404 lacrimas,
840 2321 1040 2402 intentaque
1062 2321 1119 2388 ffla
1141 2323 1290 2405 remittit

498 2428 540 2496 In
560 2428 685 2512 gremio
706 2428 831 2495 voltum
853 2427 1067 2509 deposuitque
1088 2446 1189 2494 suum.

454 2535 526 2601 Hoc
548 2535 654 2616 ipsum
677 2535 797 2600 decuit:
822 2534 977 2599 lacrimae
1000 2534 1137 2600 decuere
1158 2536 1304 2619 pudicae,

500 2642 547 2707 Et
569 2640 672 2707 iacies
695 2641 802 2706 animo
826 2640 990 2723 digneque
1012 2658 1136 2722 parque
1159 2641 1233 2707 init.

411 2776 439 2815 a
455 2748 554 2814 ‘Pone
575 2752 707 2831 metum,
729 2746 855 2814 veniol'
901 2747 1040 2812 coniunx
1063 2748 1120 2812 ait.
1165 2746 1225 2813 illa
1247 2749 1378 2831 revixit,

499 2854 614 2935 Deque
636 2854 702 2930 piri
724 2853 806 2919 collo
830 2852 923 2917 dulce
945 2852 1101 2932 pependit
1123 2871 1211 2918 onus

456 2960 589 3025 Interea
612 2959 740 3026 iuvenis
762 2958 902 3023 furiatos
925 2958 1035 3040 regius
1056 2958 1144 3040 ignis

501 3064 662 3147 Concipit,
683 3069 718 3129 et
740 3081 836 3131 caeco
859 3067 973 3144 raptus
996 3081 1107 3130 amore
1128 3064 1219 3129 furit.

455 3169 577 3236 Forma
598 3169 718 3252 placet,
740 3169 920 3249 niveusque
942 3168 1038 3252 color,
1060 3169 1203 3250 flavique
1226 3170 1345 3253 capilli

412 3304 440 3343 so
500 3275 627 3360 Quique
650 3277 768 3354 aderet
789 3274 881 3340 nulla
903 3273 1012 3340 factus
1035 3276 1077 3341 ab
1101 3281 1174 3341 arte
1198 3277 1306 3366 decor:

456 3383 568 3450 Verba
590 3383 724 3464 placent
747 3386 781 3447 et
803 3395 876 3463 vox,
900 3384 935 3446 et
958 3382 1042 3461 quod
1065 3400 1269 3464 corrumpere
1292 3401 1356 3449 non
1379 3389 1443 3466 est;

502 3487 636 3572 Quoque
652 3488 764 3553 minor
785 3505 859 3568 spes
883 3491 942 3570 est,
963 3487 1026 3552 hoc
1047 3488 1153 3569 magis
1175 3488 1232 3553 ille
1255 3490 1355 3571 cupit.
1418 3543 1419 3550 ,

457 3595 528 3660 Iam
552 3595 688 3659 dederat
711 3597 827 3659 cantus
849 3592 932 3658 lucis
953 3594 1168 3674 praenuntius
1192 3593 1269 3677 alca,

504 3700 583 3766 dun
605 3699 753 3765 referunt
775 3699 911 3766 iuuenes
932 3698 967 3763 in
991 3717 1051 3764 sua
1073 3703 1184 3764 eastra
1207 3701 1329 3781 pedem.

340 3883 344 3890 ,
414 3834 442 3874 aa
457 3806 613 3888 Carpitur
635 3805 796 3871 attonitos
818 3805 964 3870 absentis
986 3804 1129 3887 imagine
1151 3823 1264 3870 sensus

504 3912 588 4010 Illa
619 3911 805 3978 recordanti
826 3911 923 3991 plura
945 3911 1113 3992 magisque
1135 3911 1275 3993 placent.

378 4155 425 4211 55.
459 4154 584 4221 fusis-
549 4153 718 4224 -coroae's]
744 4152 771 4206 d.
789 4152 817 4206 h
836 4151 881 4206 die
899 4150 951 4205 anf
1043 4151 1103 4208 65.
1124 4153 1288 4224 melioribus]
1315 4154 1438 4208 nilmlich
1465 4156 1612 4212 11161111

326 4225 376 4279 das
394 4224 494 4294 Haupt
510 4229 650 4294 gesetaten
667 4221 947 4276 Krlinnewarenin·
991 4220 1120 4344 1111611.
1463 4267 1466 4273 .

326 4294 402 4368 folge
429 4294 478 4348 des
507 4293 621 4348 11111111
650 4291 775 4346 Zechens
804 4291 947 4346 111111111-
1043 4291 1208 4362 611111]
1226 4291 1412 4347 Bewnsstsein.

326 4363 478 4436 gerutscht.
1044 4361 1482 4417 51.11111111“111161111.’

379 4434 424 4489 56.
456 4433 550 4502 posito
567 4432 649 4501 mero]
670 4431 760 4497 ,beim
777 4429 888 4485 Wein't
1045 4432 1091 4486 55.
1128 4431 1362 4487 invenissemus
1380 4432 1559 4503 Tarquinius.

379 4503 425 4560 56.
444 4503 640 4557 5111111611
675 4499 950 4572 umJbeispllrlieher
1046 4500 1094 4557 86.
1129 4501 1198 4571 ulcr]
1216 4501 1315 4573 gallus.

327 4572 579 4652 Beleuchtunge-
544 4518 884 4644 -crffloantlapannen
904 4568 949 4622 15.
1045 4570 1090 4625 85.
1126 4570 1259 4644 carpitur]
1278 4572 1406 4626 veraehrt
1422 4572 1490 4626 ricla
