3716 5292
307 439 350 506 94

846 449 965 504 Zweiter
987 428 1058 504 'leil

398 641 426 680 10
486 613 633 693 Canaque
655 610 830 694 praecipue
853 613 998 696 coniugis
1016 621 1079 678 'ora
1100 629 1200 678 meae.
1304 641 1305 646 ,

443 718 561 802 Stulte,
584 717 662 800 quid
684 717 766 784 haec
788 717 914 784 frustra
930 719 1024 786 uotis
1045 717 1225 801 puerilibus
1248 713 1350 800 optas,

488 825 579 908 Quae
601 842 667 890 non
689 823 758 890 ulla
779 825 843 890 tibi
865 824 997 906 fertque
1019 823 1168 905 feretque
1191 822 1282 889 dies?

443 930 479 998 Si
501 931 601 997 semel
624 931 801 1011 optandum
824 935 884 1014 eet,
906 930 1049 1013 Augusti
1071 948 1189 996 numen
1212 931 1322 1013 adora,

489 1037 543 1120 Et,
566 1053 661 1117 quem
682 1036 824 1127 enuisti,
845 1037 911 1102 rite
933 1054 1068 1118 precare
1085 1039 1194 1102 deum.

400 1143 505 1209 1sIlle
527 1143 591 1208 tibi
612 1160 801 1224 pennasque
823 1147 933 1226 potest
956 1161 1133 1225 currusque
1156 1143 1305 1210 volueres

445 1239 447 1244 ’
490 1249 642 1315 Tradere.
682 1249 738 1314 det
759 1250 909 1334 reditum,
932 1249 1090 1331 protinus
1105 1249 1173 1314 ales
1196 1249 1270 1314 eris,
1341 1252 1345 1260 '

446 1355 482 1423 si
503 1372 619 1437 precor
640 1356 702 1421 hoo
724 1391 769 1402 -
790 1374 896 1437 neque
919 1356 1004 1423 enim
1026 1373 1156 1437 possum
1178 1355 1303 1421 maiora
1326 1373 1442 1438 rogare
1465 1392 1510 1402 —

490 1461 540 1528 Ne
562 1477 635 1526 mea
657 1461 733 1544 sint,
755 1461 864 1546 timeo,
887 1467 968 1528 vote
981 1463 1138 1528 modesta
1159 1480 1282 1543 pamm.

445 1567 609 1634 Forsitan·
623 1568 686 1633 hoo
709 1565 794 1650 olim,
818 1585 890 1633 oum
912 1568 978 1634 iam
1001 1568 1176 1634 satiaverit
1198 1567 1290 1650 nam,

402 1701 429 1740 ao
490 1675 583 1740 Tunc
607 1691 734 1754 quoque
757 1673 900 1740 sollieita
921 1678 1039 1759 mente,
1062 1676 1225 1767 rogandus
1249 1673 1322 1739 erit.

448 1778 540 1862 Quod
562 1779 678 1862 minus,
701 1779 829 1845 interea
852 1785 903 1846 est
924 1781 1032 1846 instar
1052 1781 1133 1846 mihi
1155 1780 1297 1872 muneris
1320 1779 1432 1862 ampli:

491 1885 545 1952 Ex
566 1885 619 1951 his
641 1903 694 1970 me
715 1885 829 1951 iubeat
851 1886 997 1966 quolibet
1019 1888 1068 1953 ire
1090 1887 1179 1954 loois'.

446 1991 515 2057 Neo
539 1991 673 2075 eaelum,
696 2008 757 2056 neo
780 2009 885 2070 equae
907 1991 1043 2076 faciunt,
1065 2011 1126 2059 neo
1149 1989 1332 2076 terraneo
1355 2011 1467 2074 aurae3

492 2097 536 2163 Ei
558 2097 646 2179 mihi,
669 2099 847 2178 perpetuus
870 2115 1006 2178 corpora
1028 2097 1166 2180 languor
1187 2101 1302 2166 habeti

403 2227 430 2268 as
447 2203 511 2270 Seu
535 2203 659 2270 vitiant
683 2206 776 2267 artus
800 2219 921 2282 aegrae
945 2203 1099 2284 oontagia
1121 2207 1248 2288 mentis,
1292 2289 1293 2294 Ἰ

494 2308 572 2376 Sive
594 2309 658 2374 mei
682 2327 782 2374 eausa
805 2307 912 2373 estin
934 2308 1068 2390 regione
1091 2310 1180 2393 mali,

448 2416 496 2482 Ut
518 2415 617 2497 tetigi
640 2415 789 2498 Pontum,
812 2419 938 2481 vexant
960 2414 1129 2500 insomnia,
1151 2415 1273 2497 vixque

494 2521 577 2588 Ossa
598 2521 685 2604 tegit
706 2521 835 2605 macies,
858 2529 925 2586 neu
940 2521 1035 2588 iurat
1058 2533 1117 2588 ora
1140 2522 1244 2604 cibus3
1280 2543 1285 2562 ³
1339 2565 1340 2568 =

450 2627 578 2712 Quique
600 2645 660 2709 per
682 2633 872 2693 autumnum
894 2627 1056 2709 percussis
1079 2627 1203 2710 frigore
1225 2629 1328 2711 primo

405 2762 433 2802 eo
493 2735 556 2800 Est
579 2734 669 2800 oolor
689 2733 724 2799 in
747 2732 843 2818 foliis,
867 2752 950 2816 quae
972 2752 1059 2801 nova
1081 2734 1181 2800 laesit
1203 2734 1314 2818 hiems,

450 2841 485 2906 Is
507 2858 580 2906 mea
601 2841 748 2906 membra
770 2844 877 2922 tenet;
900 2831 961 2905 ne'o
983 2831 1109 2906 viribus
1132 2840 1268 2907 adlevor
1290 2839 1375 2923 ullis,
1401 2831 1403 2844 '

495 2947 542 3012 Et
563 2965 739 3027 numquam
761 2945 889 3026 queruli
911 2963 1010 3011 eausa
1032 2945 1153 3012 doloris
1175 2946 1279 3013 abest.

452 3053 520 3118 Neo
542 3052 659 3118 melius
681 3050 786 3134 valeo,
809 3070 905 3133 quam
929 3069 1071 3135 corpore,
1093 3057 1211 3136 mente,
1233 3053 1292 3118 sei
1314 3071 1416 3136 aegra
1439 3058 1490 3120 est

496 3159 647 3239 Utraque
669 3175 746 3238 pars
769 3175 872 3237 aeque
893 3157 1036 3238 binaque
1059 3160 1179 3226 damna
1200 3158 1280 3226 fero.

408 3290 436 3331 es
451 3265 579 3329 Haeret
602 3267 636 3329 et
659 3267 737 3329 ante
760 3263 869 3329 oculos
891 3263 997 3331 veluti
1019 3267 1203 3346 spectabile
1223 3285 1363 3348 eorpus

497 3371 600 3436 Astat
622 3370 775 3435 fortunae
797 3368 904 3436 forma
925 3371 1065 3453 legenda
1086 3391 1189 3439 meae:
1235 3401 1239 3409 ¹

454 3477 596 3557 Cumque
618 3477 724 3542 losum
746 3494 914 3558 moresque
936 3478 1101 3544 hominum
1124 3480 1295 3561 cultusque
1311 3494 1495 3562 vsonumque

499 3582 675 3665 Cernimus,
698 3588 732 3648 et
756 3583 834 3665 quid
856 3584 917 3650 sim
940 3585 1017 3666 quid
1039 3584 1228 3668 fuerimque,
1251 3585 1349 3668 subit,
1422 3619 1424 3623 ·

454 3690 581 3754 Tantus
604 3707 696 3755 amor
716 3689 805 3756 neeis
828 3695 888 3774 est,
911 3709 1032 3771 querar
1053 3696 1091 3758 ut
1114 3710 1186 3758 oum
1209 3690 1443 3773 Caesarisne,

411 3819 439 3859 eo
499 3794 592 3878 Quod
614 3814 680 3862 non
702 3795 841 3862 offensas
864 3796 1010 3864 vindieat
1033 3816 1109 3864 ense
1131 3816 1216 3864 suas.
1317 3881 1318 3884 Ἴ

376 3999 422 4056 14.
456 4002 520 4071 rute]
538 4001 565 4055 d.
584 3999 612 4054 h.
630 4001 682 4054 mit
700 4000 774 4055 allen
793 4001 847 4055 den
865 4001 945 4056 Zere-
989 4020 1042 4055 nur
1067 3995 1115 4055 um
1139 4002 1314 4074 Versetrung
1342 4003 1372 4056 in
1402 4001 1464 4056 eine
1493 4000 1609 4055 mildere

323 4069 465 4140 rnouieen,
500 4071 553 4126 wie
588 4087 653 4124 man
685 4088 721 4124 zu
750 4071 804 4124 den
833 4071 946 4126 wahren
990 4071 1115 4195 Geg²end.
1258 4143 1260 4148 Ι
1332 4141 1333 4146 ¹
1418 4143 1420 4150 Ι
1483 4140 1489 4152 ἱ
1586 4140 1593 4152 ·

324 4139 445 4194 Getam
461 4140 547 4195 betet.
1010 4171 1013 4179 ⁴
1060 4143 1094 4196 3.·
1124 4141 1246 4212 faciunt]
1259 4141 1443 4195 ‘intransitivr
1468 4139 1529 4192 and
1557 4157 1610 4192 mur

378 4209 424 4265 18.
459 4212 539 4266 timo
562 4226 598 4265 ue
618 4216 671 4264 eta.
694 4209 732 4263 ist
748 4207 890 4265 Naehsutz
913 4227 948 4263 au
990 4210 1123 4278 niitrlieh,
1141 4212 1307 4265 bekommen
1324 4210 1388 4264 mir.

324 4282 353 4334 aa·
404 4295 465 4334 seer
480 4280 545 4335 boe:
561 4279 700 4333 wennieh
711 4278 947 4351 gleiohnmAuf-
1043 4280 1109 4338 ΒΜ.
1144 4279 1432 4335 DieGestaltmeines
1441 4275 1611 4330 Gesehielres

326 4349 363 4404 he
383 4367 443 4422 ung
459 4346 510 4402 der
525 4349 696 4405 Verbaunun
735 4350 809 4415 bate,
828 4367 858 4404 so
875 4352 949 4403 witra
993 4345 1359 4404 stelitwie'eineiohtbares
1371 4344 1611 4418 Bilduuablb'ssig

326 4419 377 4474 due
393 4437 429 4472 ru
445 4418 690 4487 uubeseheiden,(
720 4419 855 4473 eseBitte
872 4419 952 4472 kauu'
992 4415 1170 4474 vor'meinen
1187 4420 1298 4502 Augen
1373 4474 1394 4498 ‚-

339 4505 357 4542 ιι
380 4492 474 4558 opiter
497 4489 571 4543 noeh
594 4505 612 4542 a
681 4488 817 4558 sproohen
838 4489 949 4543 werden
1043 4479 1611 4558 sr.aeum]u1e(uaruarnehe)spmoue

322 4506 373 4628 fV.
393 4559 426 4613 19
444 4575 472 4612 u.
491 4557 561 4628 20]),
580 4558 639 4613 also
675 4557 731 4612 itte
746 4558 793 4612 ioh
811 4556 950 4629 vorliufig
1044 4557 1090 4614 38.
1126 4559 1211 4628 subit]
1228 4558 1315 4611 menti
1332 4555 1400 4609 oder
1416 4557 1544 4604 mentem.
