3716 5292
738 441 1033 514 mmmmmp

318 641 362 681 ns
378 615 442 699 Qui
465 616 547 682 vicit
570 635 704 700 semper,
727 618 826 685 victis
849 624 888 685 ut
909 637 1044 701 parcere
1066 623 1186 701 posset,

421 723 548 788 Clausit
571 728 605 789 et
629 729 765 790 aeterna
788 725 894 792 civica
915 725 1005 791 bella
1026 743 1112 791 sera:

375 829 484 895 Multa
505 835 595 895 metu
618 849 751 913 poenae,
774 849 880 912 poena
902 831 959 912 qui
980 849 1086 913 pauca
1109 836 1245 915 coercet

420 935 468 1000 Et
490 936 572 1001 iacit
593 936 702 1004 iuvita
725 937 864 1002 fulmina
886 956 964 1002 rara
986 955 1091 1003 manu.

376 1039 467 1124 Ergo
490 1047 559 1107 tarn
581 1043 729 1124 placidas
753 1048 865 1110 emtor
886 1044 1003 1109 missus
1026 1044 1069 1108 ad
1091 1061 1196 1128 aures,

319 1174 360 1213 130
421 1148 470 1214 Ut
491 1149 624 1230 propior
644 1149 775 1230 patriae
797 1150 842 1214 sit
864 1148 946 1232 fuga
968 1154 1090 1233 nostra,
1113 1167 1202 1232 roga

376 1253 438 1320 Ille
462 1272 521 1337 ego
546 1273 625 1337 sunu,
650 1255 705 1335 qui
728 1259 763 1320 te
786 1254 880 1338 colui,
903 1274 998 1335 quem
1020 1254 1109 1322 festa
1131 1255 1259 1324 solebat

420 1361 514 1426 Inter
536 1361 694 1429 convivas
716 1379 829 1428 mensa
851 1362 965 1428 videre
987 1366 1074 1428 tuos:

376 1467 438 1532 ille
461 1485 531 1551 ego,
555 1468 611 1549 qui
634 1469 713 1534 duxi
735 1473 864 1534 vestros
887 1469 1100 1551 Hymenaeon
1124 1469 1166 1533 ad
1188 1469 1291 1551 ignes,

420 1573 466 1638 Et
490 1575 593 1639 cecini
615 1574 726 1640 fausto
749 1575 895 1640 carmina
917 1575 1018 1658 digna
1040 1578 1126 1640 toro:

320 1705 360 1746 ιιι
378 1679 475 1745 Cuius
499 1684 533 1744 te
556 1680 688 1746 solitum
710 1681 842 1746 memini
864 1681 1002 1747 laudare
1023 1680 1153 1747 libellos

420 1784 597 1870 Exceptis,v
611 1787 739 1853 domino
763 1787 819 1868 qui
841 1805 980 1854 nocuere
1002 1805 1074 1853 suo:
1136 1815 1138 1821 v

376 1891 436 1956 Cui
458 1897 517 1957 tua
539 1911 779 1975 nonnumquam
801 1894 936 1959 miranti
959 1893 1255 1976 scriptalegebas:

422 1999 484 2064 Ille
508 2018 577 2083 ego,
600 2001 641 2066 de
663 2005 778 2067 vestra
800 2001 853 2066 cui
876 2001 956 2066 data
978 2004 1083 2081 nupta
1106 2001 1198 2064 domo
1221 2004 1280 2065 est.

376 2104 472 2170 Hanc
494 2107 615 2187 probat
637 2111 672 2171 et
693 2106 797 2187 primo
822 2106 976 2171 dilectam
998 2123 1126 2187 semper
1149 2106 1190 2171 ab
1214 2123 1296 2172 aevo

319 2236 360 2275 nc
421 2212 484 2276 Est
505 2212 594 2277 inter
616 2213 750 2279 comites
773 2213 900 2278 Marcia
923 2231 1021 2278 censa
1044 2230 1129 2294 suas,

376 2317 480 2398 Inque
503 2318 571 2383 suis
594 2318 711 2384 habuit
733 2323 915 2385 matertera
938 2318 1088 2384 Caesaris
1110 2322 1202 2384 ante:

421 2424 565 2507 Quarum
588 2424 708 2490 iudicio
732 2425 827 2506 siqua
849 2426 999 2508 probata,
1021 2425 1124 2507 proba
1147 2430 1206 2490 est.

375 2531 454 2610 Ipsa
476 2548 536 2595 sua
559 2531 673 2596 melior
695 2529 792 2613 fama,
815 2531 1027 2598 laudantibus
1050 2531 1133 2613 istis

421 2636 558 2702 Claudia
580 2637 694 2704 divina
716 2655 782 2702 non
805 2635 949 2719 eguisset
971 2654 1042 2717 ope.

318 2767 359 2806 ns
375 2742 441 2807 Nos
465 2760 591 2823 quoque
613 2743 812 2824 praeteritos
835 2742 905 2808 sine
927 2742 1004 2808 labe
1026 2742 1209 2824 peregimus
1233 2760 1347 2808 annos:

420 2848 575 2914 Proxima
597 2867 675 2930 pars
698 2849 791 2917 vitae
813 2847 1030 2915 transilienda
1051 2867 1151 2915 meae.

375 2954 440 3020 Sed
462 2957 503 3020 dc
525 2974 576 3021 me
598 2960 637 3021 ut
659 2956 782 3039 sileam,
806 2955 946 3021 coniunx
969 2973 1043 3020 mea
1064 2955 1194 3020 sarcina
1216 2959 1330 3020 vestra
1353 2958 1416 3019 est:

419 3061 492 3127 Non
514 3067 608 3143 potes
630 3063 716 3128 hanc
738 3062 832 3130 salva
855 3061 1060 3128 dissimulare
1082 3061 1154 3127 fide.

375 3166 530 3250 Confugit
552 3169 634 3234 haec
657 3171 699 3235 ad
721 3187 788 3251 vos,
802 3173 941 3235 ,vestras
963 3166 1176 3248 amplectitur
1197 3185 1272 3234 aras
1296 3203 1339 3214 -

317 3300 359 3340 150
420 3274 496 3340 lure
518 3275 612 3342 venit
635 3276 739 3342 cultos
762 3277 805 3340 ad
826 3275 890 3340 sibi
914 3275 1050 3355 quisque
1074 3276 1149 3340 deos
1171 3311 1217 3320 -

375 3380 539 3461 Flensque
560 3386 666 3464 rogat,
688 3381 839 3462 precibus
861 3381 963 3447 lenito
987 3381 1127 3447 Caesare
1150 3381 1281 3463 vestris,

419 3488 525 3553 Busta
546 3488 599 3552 sui
620 3487 703 3552 fiant
725 3491 764 3551 ut
785 3487 938 3568 propiora
961 3487 1035 3554 viri.

712 3703 1064 3790 MfflfflRfflb

648 3842 835 3910 Hcimwch
859 3842 952 3910 nach
973 3843 1121 3911 Italion.

375 3984 471 4048 Hane
493 3982 557 4048 tibi
578 3984 665 4050 Naso
689 3987 766 4048 tuus
788 3983 902 4066 mittit,
924 3983 1049 4065 Rufina
1073 3983 1225 4048 salutem:

420 4089 484 4173 Qui
506 4088 604 4154 miser
626 4094 686 4173 est,
709 4088 769 4154 ulli
791 4088 819 4154 si
842 4107 920 4188 suus
943 4107 1014 4155 esse
1035 4092 1154 4170 potest.

373 4195 517 4261 Reddita
540 4193 695 4261 confusae
717 4213 821 4276 nuper
843 4194 966 4261 solacia
988 4195 1090 4260 menti

293 4349 685 4422 rmomfflmmm
976 4315 1527 4419 1mvmmnmmwms

294 4421 356 4475 llo.
393 4420 514 4491 Murcia]
537 4419 583 4474 dic
608 4419 708 4474 Gattin
730 4420 780 4474 des
804 4419 862 4473 Ma
907 4425 988 4473 unter
1006 4417 1134 4472 Claudia.

241 4491 337 4544 ximus.
977 4489 1088 4544 Nobi.
1118 4486 1263 4541 Adressat:
1283 4485 1528 4554 Rufinus,sonat

294 4558 356 4613 141.
393 4557 524 4614 Gemeint
541 4559 577 4612 ist
595 4559 673 4613 Atia.
906 4558 985 4612 nicht
1002 4559 1090 4612 nither
1107 4557 1240 4612 bekannt.

283 4662 403 4713 Brundi,
417 4662 556 4704 horenbeka
569 4673 611 4704 au·
625 4662 691 4704 ovid.
1336 4643 1353 4696 9
