3714 5298
722 484 774 540 uo.
789 487 821 540 13
840 486 881 556 (11
893 487 1054 560 crs-512).

424 656 470 722 Et
494 655 550 737 qui
572 650 1170 744 1111111111,1111111111111111.
1218 682 1223 692 ’
1318 662 1320 668 ’

379 763 461 827 Tela
483 763 564 830 viris
588 765 750 846 animique
774 760 903 852 cadunt,
926 760 1109 852 gladiisque
1131 769 1264 837 remotis
1294 795 1295 800 ¹

423 869 514 934 Dant
537 864 793 953 soceri'geueris
816 875 1046 956 accipiuntque
1068 895 1195 959 manus;

316 1041 318 1045 ,
377 974 610 1057 Laudatasque
633 982 748 1043 tenent
770 971 876 1063 natas,
899 985 1056 1061 scutoque
1077 989 1228 1063 nepotem

333 1107 361 1146 50
421 1080 505 1145 Fert
528 1101 617 1149 avus
663 1077 718 1149 hic
740 1086 826 1150 scuti
849 1083 975 1152 dulcior
996 1106 1073 1154 usus
1097 1082 1177 1154 erat.
1226 1081 1229 1089 ’

377 1187 458 1252 Inde
480 1189 544 1253 mei
566 1189 688 1269 primas
710 1192 829 1257 mensis
852 1193 1017 1258 celebrare
1040 1193 1205 1261 Kalendas
1227 1186 1230 1192 ’
1277 1191 1295 1199 “’

422 1292 577 1360 Oebaliae
599 1299 721 1361 matres
744 1315 808 1363 non
830 1299 904 1365 leve
927 1309 1042 1366 munus
1068 1301 1209 1368 habeut!

683 1609 1079 1714 mafflmsm

631 1815 837 1900 Apotheose
860 1816 921 1884 des
943 1817 1130 1887 Romulus
1229 1829 1231 1834 ·
1322 1827 1324 1832 “

371 2004 525 2070 Proxima
547 2006 605 2070 lux
628 2025 734 2073 vacua
756 2011 815 2072 est.
862 2009 1023 2073 attertia
1045 2009 1135 2075 dicta
1157 2009 1301 2092 Quirino.

415 2110 479 2194 Qui
501 2116 594 2177 tenet
616 2114 677 2178 hoc
699 2131 825 2196 nomeu,
847 2113 1003 2179 Romulus
1027 2119 1104 2181 ante
1127 2114 1204 2182 uuo:

370 2217 448 2283 Sive
471 2219 556 2299 quod
578 2219 677 2284 hasta
699 2220 802 2284 ‘curis'
826 2220 941 2301 priscis
965 2225 1016 2286 est
1040 2221 1129 2286 dicta
1152 2222 1290 2306 Sabinis,

431 2322 574 2390 Bellicus
597 2344 618 2389 a
639 2325 705 2390 telo
728 2326 879 2392 venitin
902 2331 993 2390 astra
1016 2328 1107 2392 deus:

340 2428 446 2496 asive
469 2449 526 2496 suo
551 2431 622 2513 regi
645 2449 762 2497 nomen
784 2450 920 2514 posuere
943 2432 1104 2515 Quirites:

413 2536 477 2601 Seu
500 2537 578 2616 quia
599 2537 755 2603 Romanis
778 2538 931 2602 iunxerat
954 2539 1010 2603 ille
1034 2538 1141 2604 Cures.

367 2643 451 2707 Nam
473 2647 570 2724 pater
593 2643 791 2723 armipotens
814 2647 985 2724 postquam
1008 2632 1095 2712 nova
1116 2647 1244 2712 moenia
1266 2648 1360 2730 vidit,

410 2748 582 2828 Multaque
604 2748 761 2814 Romulea
784 2749 872 2815 bella
894 2754 1030 2831 peracta
1052 2769 1159 2835 manu,

366 2855 541 2938 ‘Iuppiter,'
564 2855 672 2936 inquit
696 2855 804 2920 ‘habet
827 2855 974 2921 Romana
989 2858 1145 2937 potentia
1167 2858 1270 2924 vires:-

303 2987 346 3025 ·10
407 2960 583 3044 Sanguinis
606 2962 711 3028 officio
734 2980 800 3027 uon
823 2966 900 3044 eget
921 2962 981 3026 illa
1003 2963 1075 3028 mei.

362 3067 475 3133 Redde
498 3069 587 3149 patri
609 3073 731 3133 natum.
777 3069 926 3148 quamvis
949 3069 1119 3135 intercidit
1142 3070 1235 3154 alter,

406 3174 471 3239 Pro
494 3192 530 3239 se
552 3192 675 3254 proque
696 3174 798 3240 Remo
822 3175 878 3255 qui
900 3175 980 3239 mihi
1002 3179 1116 3257 restat,
1140 3177 1212 3242 erit.

365 3280 477 3345 “Unus
501 3280 572 3362 erit,
597 3298 692 3360 quem
714 3284 753 3344 tu
775 3279 872 3345 tolles
894 3281 929 3345 in
952 3282 1084 3346 caerula
1107 3282 1206 3347 caeli'’
1233 3321 1235 3326 .

406 3386 457 3451 Tu
479 3386 559 3451 mihi
582 3386 708 3451 dixisti:
732 3386 800 3450 sint
823 3390 898 3450 rata
920 3387 1010 3451 dicta
1031 3387 1139 3453 Iovis'

318 3517 345 3558 15
360 3491 511 3574 Iuppiter
533 3497 703 3558 annuerat.
749 3495 833 3556 nutu
855 3491 1068 3558 tremefactus
1091 3498 1229 3574 uterque

406 3599 470 3665 Est
492 3599 594 3682 polus
617 3603 652 3666 et
675 3597 758 3663 caeli
780 3598 925 3678 pondera
947 3599 1052 3664 movit
1074 3598 1179 3665 Atlas.

361 3704 425 3770 Est
446 3706 546 3788 locus,
570 3704 699 3785 antiqui
723 3704 867 3785 Capreae
891 3703 1002 3768 dixere
1025 3704 1189 3785 paludem:

405 3811 507 3878 Forte
530 3812 598 3877 tuis
620 3811 698 3893 illic,
721 3811 866 3892 Romule,
889 3809 963 3874 iura
986 3810 1096 3876 dabas.

362 3918 416 3984 Sol
439 3918 536 4000 fugit,
560 3923 595 3983 et
617 3921 787 3984 removent
809 3916 985 3982 subeuntia
1007 3917 1120 3982 nubila
1143 3917 1268 3983 caelum

316 4051 343 4088 20
403 4025 450 4091 Et
472 4025 585 4106 gravis
609 4023 719 4090 effusis
742 4022 863 4088 decidit
886 4021 990 4086 imber
1013 4023 1114 4102 aquis.

360 4130 447 4196 Hinc
470 4134 573 4213 tonat,
596 4130 673 4194 hinc
695 4129 802 4194 missis
826 4128 1031 4209 abrumpitur
1053 4129 1185 4211 ignibus
1208 4132 1329 4195 aether.

404 4235 462 4301 Fit
484 4235 573 4319 fuga,
597 4255 656 4301 rex
677 4235 795 4317 patriis
819 4237 910 4300 astra
932 4235 1069 4314 petebat
1092 4235 1192 4314 equis.

1530 3253 1645 3308 Ennius

1513 3341 1609 3395 annal.
1622 3345 1667 3398 66.

277 4467 331 4524 No.
351 4470 395 4524 13.
433 4469 460 4523 1.
497 4469 594 4538 vacua]
611 4470 735 4523 niimlich
754 4468 847 4522 sacris.
944 4467 990 4523 13.
1008 4465 1510 4541 caerola]niimlichtemplaffiallen).

296 4539 324 4594 ⁷.
355 4541 450 4608 puter]
469 4535 516 4592 des
535 4538 674 4607 Quirinus,
694 4539 777 4592 Mars.
943 4538 988 4592 19.
1023 4537 1510 4607 remoeeot]entziehendemBlicke.

278 4609 323 4664 1⁰.
359 4610 506 4678 conputare
522 4606 587 4682 mei]
609 4609 714 4662 moines
733 4608 847 4662 Sohues.
943 4607 989 4662 21.
1025 4608 1207 4677 abrumpitur]
1226 4609 1294 4661 wird
1311 4611 1465 4679 gespalten.

268 4713 391 4762 Brundi,
406 4713 543 4754 1111111111
556 4723 597 4753 au·
611 4711 677 4752 ovid.
1319 4696 1335 4749 3
