3714 5298
286 385 329 450 66
832 379 928 452 Ersten
949 393 1022 452 Teii.
1040 419 1042 422 ·

375 583 403 623 ιο
462 561 509 627 Et
531 562 655 628 luteum
679 561 766 629 celsa
788 562 848 628 sub
871 561 968 627 trabe
989 560 1177 643 figit'opus:
1273 550 1278 558 ’

420 667 503 733 Tum
525 665 654 750 patitur
676 669 784 734 cultus
807 686 887 751 ager
910 670 945 733 et
966 672 1147 735 renovatur
1170 674 1291 772 aratra.

463 773 555 840 Haec
577 773 657 840 anni
679 772 811 840 novitas
833 773 906 839 inre
928 774 1076 840 vocanda
1098 773 1188 878 luit'¹

736 999 792 1068 lla.
809 999 855 1068 29
879 999 909 1086 (Ι
926 999 1124 1086 709-722).

706 1152 825 1225 Sehdn
846 1157 898 1224 ist
920 1155 985 1224 der
1006 1157 1148 1225 Friede.

419 1313 529 1394 Ipsum
551 1330 610 1379 nos
633 1331 763 1379 carmen
786 1313 922 1379 deduxit
944 1313 1041 1379 Pacis
1064 1314 1107 1379 ad
1130 1329 1229 1380 aram.

139 1427 184 1479 30.
197 1425 266 1481 Jaa.
463 1419 556 1485 Haec
578 1420 643 1484 erit
666 1438 687 1484 a
708 1419 828 1486 mensis
850 1418 915 1486 fine
938 1419 1081 1486 secunda
1103 1420 1180 1486 dies.
1307 1417 1308 1420 ’

419 1524 604 1592 Frondibus
626 1525 773 1591 Actiacis
797 1528 940 1606 comptos
962 1525 1116 1591 redimita
1139 1526 1273 1608 capillos

463 1630 536 1696 Pax
558 1633 644 1716 ades,
668 1635 702 1697 et
724 1635 796 1697 toto
817 1631 907 1697 mitis
929 1631 963 1697 in
987 1632 1065 1698 orbe
1087 1650 1191 1698 mane.

388 1737 502 1803 aDum
526 1737 634 1803 desint
655 1738 775 1820 hostes,
798 1737 884 1803 desit
906 1741 1034 1818 quoqne
1056 1756 1157 1805 cansa
1179 1739 1349 1820 triumphi:
1374 1735 1377 1744 '

463 1843 514 1908 'lu
537 1845 672 1911 ducibus
694 1843 780 1911 bella
803 1843 910 1928 gloria
932 1843 1035 1910 maior
1058 1843 1131 1910 eris.
1211 1843 1214 1848 '

387 1966 389 1970 ·
419 1949 497 2015 Sola
519 1953 616 2032 gerat
638 1949 731 2016 miles
755 1935 872 2030 quibus
895 1968 987 2014 arnna
1010 1953 1168 2033 coereeat,
1192 1969 1291 2034 arma
1350 1953 1352 1960 ’
1382 1953 1385 1958 ’

464 2054 686 2135 Canteturque
709 2053 782 2121 fera
803 2055 851 2120 nil
873 2055 938 2120 nisi
959 2072 1077 2135 pompa
1099 2056 1189 2122 tuba.

416 2161 563 2226 Horreat
585 2162 759 2227 Aeneadas
782 2166 816 2226 et
838 2161 961 2242 primus
985 2165 1019 2226 et
1042 2160 1176 2227 ultimus
1199 2162 1298 2228 orbis:

374 2292 402 2332 ιο
462 2266 563 2347 Siqua
585 2285 701 2347 parum
724 2267 860 2333 Romam
883 2270 975 2332 terra
996 2266 1144 2349 timebat,
1168 2272 1264 2333 amet.

419 2374 517 2454 Tura,
540 2373 735 2455 sacerdotes
757 2372 934 2439 Paealibus
957 2372 1069 2438 addite
1092 2372 1238 2457 flammis,
1327 2407 1330 2413 ·
1386 2369 1388 2464 {

463 2478 614 2559 Albaque
636 2477 769 2560 pendusa
792 2479 928 2545 victima
950 2477 1059 2544 fronte
1082 2478 1189 2544 cadat.
1371 2477 1373 2483 '

418 2585 529 2666 thue
553 2586 672 2669 domus„
695 2603 779 2666 qnae
800 2588 951 2665 praestat
974 2603 1055 2668 eam,
1078 2602 1150 2650 eum
1172 2603 1253 2666 paee
1275 2593 1442 2670 perennet,

463 2691 515 2756 Ad
537 2691 594 2772 pia
616 2708 793 2773 propensos
815 2696 895 2757 vota
918 2696 1035 2773 rogate
1058 2693 1142 2756 deos.

355 2865 399 2920 11.
435 2864 533 2933 cultas]
551 2862 751 2934 Bearbeitung.
1019 2864 1047 2918 7.
1083 2863 1184 2930 quidm
1201 2879 1279 2918 arnan
1296 2863 1484 2934 (derFeinde)
1498 2879 1570 2919 noer-

354 2931 467 2990 lodo.
496 2934 524 2989 d.
555 2933 680 3002 daelhem]
698 2932 743 2986 filr
758 2932 809 2985 das
821 2931 905 2986 Herr-
950 2933 1020 3002 caat]
1039 2932 1106 2985 dh.
1124 2949 1177 2985 nur
1193 2950 1242 3008 nur
1259 2933 1416 3004 Defensine.

285 3003 444 3058 scherhaua
980 3002 1046 3057 ·13.
1083 3001 1186 3072 domus]
1205 3002 1254 3056 das
1273 3002 1452 3058 Kaiserhaus.
