3716 5292
746 469 1004 562 maara

409 667 514 733 Graia
537 666 736 748 Capheream
759 686 890 734 currere
912 668 1030 750 puppis
1053 687 1179 750 aquam.

365 772 433 838 Neo
455 777 574 856 tamen,
596 777 635 838 ut
657 774 779 857 lauder,
802 774 904 858 vigilo
928 793 1102 856 curamque
1124 774 1229 840 futuri

409 879 564 962 Nominis,
587 878 701 945 utilius
725 881 809 962 quod
831 881 992 962 latuisset,
1015 899 1087 963 ago.

364 985 504 1052 Detineo
528 986 646 1051 studiis
670 985 811 1052 animum
834 985 978 1070 falloque
1001 986 1135 1070 dolores,

319 1119 348 1157 40
407 1091 570 1173 Experior
593 1092 680 1158 curis
703 1097 738 1158 11
761 1094 840 1158 darc
862 1093 966 1160 verba
987 1092 1075 1158 meis,
1201 1099 1204 1106 “

365 1197 451 1281 Quid
473 1198 582 1278 potius
609 1197 728 1264 faciam
752 1199 889 1264 desertis
912 1199 999 1264 solus
1022 1199 1057 1264 in
1080 1199 1156 1281 oris2

410 1303 558 1386 Quamve
579 1305 675 1370 malis
697 1305 796 1370 aliam
819 1323 976 1386 quaerere
999 1323 1096 1370 coner
1118 1304 1232 1386 opem?

365 1409 442 1476 Sive
465 1411 570 1476 locum
593 1415 714 1493 specto,
737 1410 825 1478 locus
849 1415 899 1477 111
921 1411 1117 1494 inamabilis,
1142 1418 1175 1476 et
1199 1430 1260 1493 quo

410 1515 493 1581 Esse
515 1516 598 1582 nihil
620 1521 690 1582 toto
714 1517 843 1583 tristius
867 1519 945 1583 orbe
966 1521 1084 1599 potest,

319 1648 348 1688 a
364 1622 441 1688 Sive
464 1622 618 1705 homines,
641 1622 698 1690 vix
721 1628 798 1689 sunt
820 1624 965 1689 homines
988 1624 1049 1691 hoo
1070 1623 1199 1690 nomine
1223 1624 1321 1706 digni,

410 1727 578 1812 Quamque
600 1729 670 1811 lupi
693 1747 814 1795 saevae
836 1729 911 1811 plus
933 1729 1079 1795 1111111111
1101 1730 1233 1795 habent.

327 1830 330 1835 ’
364 1834 438 1900 Non
459 1838 611 1901 metuunt
633 1835 731 1918 leges,
755 1836 813 1901 sed
835 1835 924 1900 cedit
946 1835 1073 1902 viribus
1095 1853 1242 1916 aequum,

412 1940 574 2021 Victaque
596 1942 737 2024 pugnaci
760 1942 834 2007 iura
855 1943 916 2006 sub
940 1959 1017 2008 ense
1038 1941 1158 2007 iacent.

365 2046 512 2113 Pellibus
535 2052 570 2112 11
592 2047 678 2112 laxis
701 2054 815 2113 arcent
837 2049 925 2113 mala
948 2047 1073 2130 frigora
1095 2048 1212 2129 bracis,

202 2187 205 2193 ·
320 2179 349 2219 1ο
410 2151 540 2234 Oraque
562 2159 639 2219 sunt
660 2153 767 2237 longis
789 2154 923 2220 horrida
945 2158 1037 2220 tecta
1060 2153 1166 2220 comis.

365 2260 405 2324 In
427 2260 540 2341 paucis
564 2265 681 2326 extant
704 2261 851 2327 Graecae
873 2260 1017 2344 vestigia
1039 2260 1179 2344 linguae,

409 2366 501 2432 Haec
525 2385 651 2448 quoque
674 2367 739 2432 iam
763 2366 878 2432 Getico
901 2367 1045 2433 barbara
1068 2365 1159 2432 iacta
1181 2385 1268 2432 sone.

365 2473 457 2539 Unus
480 2473 515 2537 111
537 2472 598 2538 hoc
620 2491 713 2538 nemo
737 2477 788 2538 est
811 2473 938 2556 populo,
962 2472 1017 2554 qui
1040 2471 1126 2539 forte
1148 2472 1269 2538 Latine

409 2577 584 2660 Quaelibet
607 2578 751 2644 emedio
775 2579 910 2644 reddere
933 2579 1036 2644 verba
1059 2583 1167 2662 queat.

320 2710 347 2749 55
364 2683 426 2750 Ille
449 2703 509 2767 ego
532 2684 698 2750 Romanus
720 2689 816 2750 vates
839 2721 883 2732 -
906 2683 1074 2766 ignoscite,
1096 2685 1223 2750 Musae!
1247 2721 1290 2730 -

410 2790 592 2857 Sarmatico
616 2809 714 2874 cogor
736 2790 877 2872 plurima
899 2807 988 2856 more
1009 2790 1108 2870 loqui.

364 2897 417 2962 En
439 2898 541 2979 pudet
564 2903 598 2963 et
621 2897 737 2981 fateor,
760 2897 825 2962 iam
848 2896 1060 2962 desuetudine
1082 2896 1181 2978 longa

409 3004 476 3069 Vix
492 3005 639 3071 ¹subeunt
661 3005 725 3086 ipsi
748 3004 852 3071 verba
874 3003 997 3068 Latina
1020 3003 1107 3068 1111111.

365 3109 433 3175 1111
456 3111 579 3194 dubito,
602 3111 681 3192 quin
704 3112 771 3176 sint
795 3115 829 3176 et
851 3111 886 3175 in
909 3111 970 3176 hoc
992 3128 1057 3176 non
1078 3128 1184 3192 pauca
1206 3109 1317 3176 libello

319 3243 348 3282 co
409 3217 573 3282 Barbara:
595 3236 659 3283 non
681 3217 821 3284 hominis
843 3215 940 3298 culpa
962 3218 1019 3282 scd
1041 3217 1107 3282 ista
1129 3217 1201 3282 loci.

364 3324 413 3388 Ne
435 3327 546 3389 tamen
569 3323 733 3389 Ausoniae
756 3323 890 3405 perdam
913 3323 1104 3388 commercia
1127 3322 1268 3406 linguae,

410 3430 456 3494 Et
477 3429 537 3495 fiat
559 3429 668 3512 patrio
691 3448 756 3495 vox
778 3447 850 3494 mea
872 3432 965 3494 muta
986 3447 1074 3511 sono,

364 3536 439 3617 Ipse
462 3536 577 3617 loquor
599 3554 725 3602 mecum
749 3537 947 3616 desuetaque
969 3537 1073 3601 verba
1095 3540 1249 3617 retracto,

408 3643 454 3707 Et
476 3644 579 3708 studii
600 3647 714 3725 repeto
737 3642 833 3724 signa
855 3641 990 3706 sinistra
1012 3641 1084 3706 mei.

319 3775 347 3814 11
364 3748 418 3814 Sic
441 3749 584 3814 animum
606 3754 798 3830 tempusque
820 3747 925 3830 traho,
948 3747 995 3812 sic
1018 3765 1132 3827 meque
1155 3748 1272 3812 reduco
1318 3805 1321 3812 1

407 3856 439 3919 Α
462 3854 685 3937 contemplatu
707 3870 955 3934 summoveoque
978 3853 1065 3917 mali.

364 3961 568 4028 Carminibus
592 3980 712 4042 quaero
735 3960 926 4025 miserarum
950 3959 1074 4025 oblivia
1096 3977 1215 4024 rerum:

407 4067 561 4132 Praemia
583 4067 612 4133 si
634 4067 742 4133 studio
766 4083 946 4146 consequar
968 4065 1043 4147 ista,
1066 4069 1120 4130 sat
1143 4069 1202 4129 est.

281 4346 326 4402 ab.
369 4345 435 4416 Vgl.
480 4345 530 4400 das
572 4345 851 4400 Namenveraeichnis
947 4344 994 4398 54.
1030 4344 1165 4414 emedio]
1191 4361 1225 4397 zu
1251 4343 1390 4411 quaelibet
1419 4346 1515 4398 verba:

229 4422 311 4468 unter
328 4415 498 4484 Caphereus.
894 4413 974 4466 nicht
986 4413 1089 4467 einmal
1101 4414 1202 4484 irgend
1212 4414 1257 4467 ein
1269 4413 1422 4484 beliebiges
1435 4413 1516 4468 Wort

281 4517 326 4572 49·
363 4517 444 4587 lm]
462 4518 536 4572 weit·
894 4500 944 4537 aus
962 4483 1026 4537 dem
1045 4483 1228 4566 alitiglicben
1247 4482 1351 4537 Labeo.

946 4553 992 4608 64.
1027 4555 1110 4622 sipna
1127 4552 1253 4622 anostra]
1276 4552 1321 4607 die
1340 4553 1515 4624 ungelenken

281 4621 328 4676 bo.
364 4621 425 4690 ora]
443 4620 568 4675 Gesicht.
893 4621 1077 4694 Schriitzdge.
