3714 5298
724 446 775 500 uo.
790 448 819 500 11
840 447 894 516 (ιν
906 447 1065 518 eoo-asa).

384 622 503 688 Ferret
526 640 619 703 opem
642 628 739 706 certe,
763 623 877 689 sinon
900 641 961 703 ope
982 628 1089 688 mater
1111 629 1232 707 egeret,

430 727 521 810 Quae
543 727 634 794 iacta
658 734 709 795 est
732 747 796 794 uno
818 733 925 794 mater
948 733 982 794 et
1005 730 1085 795 orba
1108 729 1169 795 die.

384 834 473 900 Nata
495 834 599 918 simul,
622 835 781 901 moritura
804 834 908 918 simul,
932 835 1027 900 simul
1049 835 1097 901 ite
1120 836 1179 902 sub
1202 837 1306 902 undas

429 940 591 1021 Corporai
615 941 766 1025 desierat,
791 941 1004 1022 deposuitque
1027 941 1108 1006 sinu.

338 1071 367 1112 rc
383 1046 567 1128 vagierunt
590 1048 684 1113 ambo
706 1048 848 1129 pariter:
871 1047 1009 1113 sensisse
1031 1051 1174 1128 putares.

427 1152 473 1217 Hi
494 1155 633 1218 redeunt
654 1153 728 1219 udis
749 1154 785 1219 in
807 1171 868 1218 sua
889 1157 981 1219 tecta
1002 1153 1103 1236 genis.

382 1258 530 1324 Sustinet
552 1259 719 1340 impositos
742 1277 865 1324 summa
888 1277 988 1326 cavus
1011 1260 1124 1326 alveus
1147 1261 1243 1325 unda

426 1365 499 1430 Hen
524 1369 680 1445 quantum
703 1364 768 1430 fati
790 1377 895 1446 parva
918 1366 1043 1432 tabella
1065 1365 1159 1431 tulit!

382 1470 506 1538 Alaeus
528 1471 563 1536 in
585 1471 662 1537 limo
685 1471 779 1539 silvis
802 1472 956 1553 adpulsus
978 1472 1087 1552 opacis

336 1600 365 1640 oo
424 1577 590 1642 Paulatim
612 1578 711 1644 fluvio
735 1577 905 1644 deficiente
927 1579 1028 1643 sedet.

381 1683 490 1749 Arbor
512 1689 601 1750 erat:
624 1690 793 1750 remanent
816 1683 968 1767 vestigia,
990 1701 1138 1765 quaeque
1159 1688 1298 1750 vocatur

426 1787 568 1856 Rumina
589 1808 676 1856 nnnc
697 1789 786 1873 ficuS,
808 1790 948 1855 Romula
968 1789 1048 1855 ficus
1071 1793 1152 1854 erat.

382 1896 483 1961 Venit
506 1898 548 1961 ad
571 1896 735 1978 expositos
757 1932 803 1942 -
824 1897 958 1961 mirumi
981 1933 1026 1942 -
1048 1895 1126 1976 lupa
1147 1894 1218 1961 feta
1240 1895 1403 1978 gemellos.

427 2001 509 2084 Quis
531 2003 645 2068 credat
667 2002 776 2082 pueris
799 2020 863 2068 non
885 2002 1032 2068 nocuisse
1054 2001 1182 2067 ieram?

336 2133 365 2174 aa
380 2107 453 2172 Non
478 2109 627 2175 nocuisse
654 2127 768 2190 parum
792 2114 855 2191 est,
883 2109 1015 2188 prodest
1042 2126 1176 2188 quoque.
1215 2126 1295 2188 quos
1317 2107 1395 2190 lupa
1416 2109 1531 2191 nutrit,

426 2215 568 2281 Perdere
590 2221 750 2298 cognatae
773 2215 956 2280 sustinuere
979 2232 1100 2280 manus.

381 2320 547 2404 Constitit,
570 2325 605 2387 et
627 2322 732 2387 cauda
753 2321 875 2386 teneris
898 2321 1067 2386 blanditur
1089 2319 1235 2402 numum,

424 2428 471 2494 Et
493 2427 589 2510 fingit
611 2428 725 2509 lingua
747 2446 882 2508 corpora
904 2427 982 2492 bina
1005 2445 1073 2492 sua

380 2534 489 2599 Marte
512 2540 612 2600 satos
625 2535 740 2599 scires:
764 2534 863 2598 timor
886 2532 978 2597 afuit.
1013 2534 1115 2598 ubera
1138 2533 1268 2614 ducunt,

334 2667 364 2704 ιο
423 2641 492 2706 Nec
514 2641 577 2707 sibi
599 2639 748 2722 promissi
769 2638 867 2705 lactis
889 2638 1023 2703 aluntur
1045 2656 1114 2719 ope.

380 2746 445 2810 illa
466 2747 537 2812 loco
559 2765 676 2814 nomen
698 2745 787 2828 iecit,
809 2746 900 2810 locus
921 2744 992 2826 ipse
1014 2743 1180 2824 Lupercis

423 2853 547 2935 Magna
569 2853 640 2918 dati
662 2853 775 2918 nutrix
797 2851 943 2932 praemia
964 2850 1061 2917 lactis
1082 2837 1192 2915 habet.

690 3115 746 3184 tto.
765 3117 786 3183 ΙΙ
811 3113 872 3200 (IV
888 3110 1088 3198 809—858).

500 3269 699 3352 Grundnng
720 3271 830 3338 Roma
852 3268 926 3338 und
948 3269 1023 3336 'bod
1045 3267 1108 3335 des
1131 3269 1274 3335 Remus.

379 3429 450 3494 Iam
472 3428 581 3494 luerat
603 3446 724 3510 poenas
746 3426 852 3492 irater
873 3425 1062 3510 Numitoris,
1086 3430 1121 3490 et
1143 3443 1235 3490 omne

423 3536 595 3600 Pastorum
618 3535 745 3617 gemino
769 3534 828 3599 sub
852 3533 933 3597 duce
956 3531 1071 3614 volgus
1095 3535 1176 3598 erat.

380 3641 580 3706 Contrabere
602 3645 750 3722 agrestes
774 3644 808 3705 et
830 3639 958 3722 moenia
980 3655 1099 3718 ponere
1122 3637 1253 3716 utrique

424 3746 593 3814 Convenit.
628 3744 815 3829 ambigitur,
837 3744 965 3810 moenia
987 3746 1089 3824 ponat
1112 3745 1194 3806 uter.

349 3852 442 3918 s‘Nil
465 3871 545 3934 opus
568 3852 627 3918 est'
650 3852 734 3917 dixit
757 3849 951 3916 ‘certamine’
974 3848 1130 3914 Romulus
1153 3847 1241 3914 ‘ulio:

422 3959 545 4042 Magna
566 3957 646 4024 fides
669 3959 779 4025 avium
802 3960 860 4039 est,
884 3954 1090 4036 experiamur
1113 3954 1208 4020 aves!

243 4193 249 4202 ·
313 4159 359 4214 25.
395 4159 520 4227 seusana]
555 4155 720 4211 verstanden
761 4154 862 4226 haben,
924 4114 930 4126 ⁸
975 4152 1021 4208 40.
1053 4154 1180 4220 praemia
1197 4149 1465 4276 heikkBelohnung
1482 4149 1528 4203 fur

243 4228 367 4282 ndmlich
384 4227 430 4281 die
446 4226 544 4281 Reden
562 4227 612 4280 der
631 4225 732 4280 beiden
750 4224 863 4279 Diener.
906 4222 966 4275 ihre
975 4220 1078 4290 Milch3
1090 4221 1213 4276 niimlich
1223 4222 1272 4274 der
1308 4236 1370 4275 ame
1378 4219 1423 4274 Lu
1444 4220 1528 4274 ercal.

313 4314 358 4369 28.
394 4313 506 4383 tabella]
524 4312 605 4367 11012,
976 4289 1030 4346 No.
1043 4291 1088 4346 11.
1118 4292 1146 4347 2.
1174 4293 1280 4361 pomaeo
1292 4291 1343 4344 aab
1356 4291 1423 4345 doce
1445 4295 1526 4343 unter

313 4399 359 4456 33·
393 4397 863 4471 setaidiedungegeworfenhatte.
906 4361 963 4483 gg}
976 4359 1113 4483 {21:3ss3
1137 4361 1185 4414 ‘¹⁶¹
1209 4359 1368 4431 ZWfflinger
1392 4358 1528 4414 ROmulus

312 4488 359 4544 ⁸8·
393 4487 484 4556 duait]
501 4491 589 4557 puae,
605 4486 689 4540 leekt·
977 4501 1005 4556 a.
1040 4498 1526 4568 aaaaampnamumumueneue

313 4575 359 4630 39.
394 4569 863 4646 uboradacuotlsaugenambluter.
907 4569 989 4624 Stadt
1006 4586 1040 4622 cu
1057 4569 1191 4640 grunden.
