3714 5298
886 457 982 513 Erater
1003 457 1076 512 Teil.

471 621 565 688 Iussa
588 621 684 704 fugit,
708 624 870 702 ventoque
893 625 999 687 ratem
1022 621 1198 686 committit
1220 625 1255 687 et
1276 622 1379 688 undis.

515 727 671 809 Asperior
694 727 809 808 quovis
832 743 973 807 aequore
995 725 1101 793 irater
1123 731 1205 793 erat.

471 835 534 899 Fst
556 851 656 914 prope
678 832 819 915 piscosos
842 831 982 913 lapidosi
1004 833 1171 899 Crathidis
1195 852 1305 900 amnes

426 968 455 1008 oo
514 941 643 1006 Parvus
666 957 754 1022 ager,
778 938 935 1004 Cameren
957 938 1065 1004 incola
1086 940 1187 1004 turha
1208 943 1320 1006 vocat:

470 1046 554 1112 illuc
576 1063 689 1111 cursus
712 1049 794 1110 erat.
838 1062 899 1110 nec
921 1043 1049 1127 longius
1073 1045 1160 1110 alurit
1181 1045 1265 1129 inde,

515 1151 620 1235 Quam
644 1155 802 1231 quantum
824 1150 938 1217 novies
960 1151 1092 1217 mittere
1115 1151 1218 1217 lunda
1240 1156 1361 1233 potest:

470 1257 554 1324 Vela
576 1259 699 1323 cadunt
720 1256 824 1338 primo
847 1260 882 1322 et
905 1257 1005 1322 dubia
1027 1257 1193 1323 librantur
1215 1259 1258 1324 ab
1282 1277 1371 1325 aura.

515 1363 658 1430 ‘Finlite
679 1362 824 1446 remigio’
846 1363 963 1428 navita
985 1363 1071 1429 <lixit
1093 1365 1227 1445 ‘aquasi'

426 1499 453 1540 aa
468 1471 618 1552 Dumque
639 1474 760 1551 parant
782 1473 871 1535 torto
893 1470 1073 1536 subducere
1096 1471 1235 1536 carbasa
1257 1470 1334 1555 lino,

514 1575 705 1642 Percutitnr
727 1575 842 1656 rapido
864 1575 981 1656 puppis
1004 1578 1133 1642 adunca
1154 1582 1240 1660 noto,

470 1683 574 1764 Inque
595 1686 713 1763 patens
736 1700 866 1765 aequor,
889 1681 1015 1747 frustra
1037 1687 1206 1764 pugnante
1227 1684 1394 1768 magistro,

513 1789 645 1871 Fertur,
668 1791 703 1854 et
725 1806 766 1853 ex
789 1786 891 1853 oculis
913 1788 987 1854 visa
1008 1788 1134 1872 reingr't
1156 1790 1280 1855 humus.

470 1895 637 1961 Adsiliunt
659 1893 786 1977 fluctus
808 1893 937 1974 imoque
959 1913 980 1960 a
1003 1895 1136 1978 gurgite
1158 1899 1276 1977 pontus

426 2030 454 2069 ro
513 2001 674 2083 Vertitur,
698 2004 732 2065 et
755 2017 854 2064 canas
878 2000 992 2067 alveus
1014 2001 1128 2067 haurit
1150 2020 1261 2082 aquas.

469 2098 621 2174 Iactatur
643 2106 785 2171 tumidas
809 2105 884 2170 exul
906 2106 1086 2172 Phoenissa
1107 2126 1166 2188 per
1188 2110 1301 2192 undas,

513 2213 697 2293 Umidaque
720 2211 870 2293 opposita
891 2211 1014 2277 lumina
1035 2225 1130 2279 veste
1152 2214 1246 2296 tegit.

470 2320 562 2386 Tunc
584 2319 723 2401 primum
746 2317 831 2383 Dido
853 2317 935 2383 felix
958 2322 1009 2383 est
1032 2318 1122 2384 dicta
1144 2320 1247 2386 sorori

514 2427 561 2491 Et
583 2441 803 2506 quaecumque
826 2423 970 2505 aliquam
993 2442 1127 2506 corpore
1150 2427 1271 2506 pressit
1292 2428 1432 2496 humum.

426 2561 453 2601 a
468 2532 602 2614 Figitur
624 2532 667 2596 ad
688 2529 837 2597 Laurens
859 2530 987 2612 ingenti
1009 2529 1139 2597 flamine
1161 2532 1241 2598 litns

513 2638 646 2722 Puppis,
669 2642 704 2704 et
726 2637 882 2719 expositis
905 2637 1052 2703 omnibus
1074 2639 1195 2704 hausta
1217 2640 1312 2722 perit

469 2747 540 2811 Iam
562 2745 635 2826 pius
658 2744 788 2811 Aeneas
810 2761 911 2826 regno
934 2748 1079 2824 nataque
1101 2744 1216 2810 Latini

512 2851 639 2917 Auctns
662 2855 744 2928 erat,
765 2850 900 2931 populos
922 2849 1162 2931 miscueratque
1185 2852 1272 2917 duos.

468 2957 582 3022 Litore
605 2956 710 3023 dotali
732 2956 798 3021 solo
823 2955 998 3021 comitatus
1021 2955 1150 3021 Achate

424 3088 452 3128 ao
512 3063 681 3129 secretum
702 3062 788 3126 nudo
811 3061 887 3127 lum
910 3062 992 3141 pede
1014 3061 1124 3142 carpit
1145 3062 1219 3146 iter,

468 3169 597 3252 Aspicit
619 3171 793 3250 errantem,
816 3184 876 3232 nec
899 3167 1035 3233 credere
1054 3168 1195 3234 sustinet
1217 3169 1347 3235 Annam

512 3276 603 3342 Esse.
650 3274 728 3356 quid
749 3274 785 3339 in
807 3273 923 3338 Latios
945 3272 1005 3338 illa
1027 3274 1158 3340 veniret
1181 3275 1298 3358 agros?

468 3383 553 3448 Dum
576 3400 684 3447 secum
706 3381 844 3463 Aeneas,
867 3380 973 3445 ‘Anna
997 3381 1068 3445 estl'
1093 3381 1257 3446 exclamat
1280 3384 1433 3467 Achates,

512 3487 567 3554 Ad
587 3506 704 3554 nomen
726 3487 835 3555 voltus
858 3485 993 3552 sustulit
1015 3485 1075 3551 illa
1098 3505 1180 3553 snos.

424 3621 452 3662 as
467 3595 538 3678 Quo
561 3593 690 3677 fugiat?
725 3593 803 3674 quid
825 3592 926 3676 agat?
962 3611 1042 3673 quos
1064 3598 1176 3659 terrae
1199 3600 1338 3675 quaerat
1359 3595 1491 3662 hiatus?

512 3702 600 3766 Ante
623 3700 732 3767 oculos
755 3699 893 3766 miserae
916 3698 989 3764 iata
1011 3700 1131 3765 sororis
1155 3704 1258 3765 erant.

468 3807 587 3890 Sensit,
610 3811 646 3873 et
667 3806 854 3888 adloquitur
877 3805 1039 3886 trepidam
1062 3805 1255 3887 Cythereius
1278 3807 1385 3888 heros3

512 3912 590 3986 Flet
612 3917 722 3979 tamen
746 3911 913 3978 admonitu
934 3915 1050 3994 motuS,
1073 3911 1192 3995 Elissa,
1214 3912 1277 3978 tui:

468 4021 582 4100 ‘Anna
604 4021 771 4100 perhanc
793 4019 873 4101 iuro,
897 4036 994 4097 quam
1016 4020 1177 4098 quondam
1200 4019 1314 4085 audire
1336 4019 1464 4087 solebas

424 4153 452 4193 so
511 4125 675 4194 Tellurem
697 4125 768 4192 lato
790 4123 995 4206 prosperiore
1018 4123 1099 4207 dari,

404 4369 450 4424 63.
486 4366 611 4490 caucork
623 4367 734 4422 werden
756 4364 867 4433 sublati,
891 4364 955 4419 weil
1068 4364 1114 4420 tl.
1150 4367 1618 4442 aliquam-humum]=irgendwo

335 4437 384 4492 dar
401 4437 489 4491 Wind
507 4438 590 4509 aufge
612 4441 657 4492 trt
673 4438 732 4491 hat.
812 4465 814 4472 v
998 4433 1131 4488 bestattet
1147 4434 1225 4506 liegt.

404 4509 449 4563 66.
483 4508 644 4577 subduccre]
679 4505 876 4560 hinaufciehen
907 4507 955 4574 (an
1068 4504 1113 4561 16.
1149 4505 1250 4560 macta
1275 4509 1362 4577 perit]
1388 4506 1455 4594 iiillt
1481 4509 1541 4563 rich
1568 4510 1619 4563 mit

335 4577 381 4632 die
398 4577 518 4646 Rahen).
791 4651 795 4660 A
999 4571 1115 4628 Wasser
1132 4575 1190 4628 und
1207 4575 1290 4631 sinlrt.
