3716 5292
733 456 1058 527 mmmnma

386 634 523 715 Templa
545 637 680 700 manent
702 633 800 700 hodie
821 632 927 700 vastis
949 632 1064 698 innixa
1086 632 1251 716 columnis,

341 767 369 806 1ο
428 741 557 821 Perque
580 744 698 821 quater
720 740 819 805 denos
841 739 910 805 itur
931 739 968 805 in
988 738 1048 804 illa
1070 739 1200 822 gratim

385 845 491 912 Fama
512 845 618 914 refert
639 845 709 912 illic
731 845 859 929 signum
883 845 1025 912 caeleste
1047 844 1166 911 iciam:

430 952 565 1036 Quoque
587 952 695 1019 minus
717 952 855 1036 dubites,
878 955 948 1018 stat
969 950 1059 1017 basis
1081 952 1162 1016 orba
1184 953 1258 1018 dea:

386 1059 527 1143 Araque,
551 1077 634 1141 quae
656 1058 767 1125 iuerat
789 1062 912 1125 natura
933 1057 1073 1124 candida
1094 1057 1175 1141 saxi,

430 1165 570 1232 Decolor
592 1165 708 1232 adfuso
730 1165 838 1231 tincta
860 1183 975 1230 cruore
996 1165 1103 1230 rubet.

342 1296 369 1338 11
384 1271 523 1338 Femina
544 1291 640 1338 sacra
662 1271 747 1338 iacit
767 1272 887 1338 taedae
909 1289 973 1337 non
996 1274 1077 1336 nota
1098 1268 1211 1352 iugali,

431 1377 525 1461 Quae
546 1383 682 1460 superat
704 1377 876 1461 Scythicas
898 1375 1073 1443 nobilitate
1095 1393 1206 1441 nurus.

386 1483 533 1551 Sacrifici
554 1502 658 1568 genus
681 1488 740 1568 est,
766 1484 815 1549 sic
836 1483 1012 1549 instituere
1033 1483 1168 1566 priores,

429 1591 570 1658 Advena
591 1590 741 1674 virgineo
765 1607 879 1656 caesus
901 1593 940 1654 ut
963 1607 1040 1654 ense
1062 1589 1168 1654 eadat

386 1695 503 1780 Regna
525 1698 657 1764 Thoans
679 1697 799 1764 hebuit
820 1695 986 1763 Maeotide
1009 1695 1118 1761 clarus
1139 1694 1175 1760 in
1198 1713 1264 1778 ora,

342 1828 370 1867 co
429 1804 498 1869 Nec
520 1803 586 1869 init
608 1803 748 1870 Euxinis
769 1802 879 1868 notior
901 1801 988 1868 aiter
1011 1800 1113 1883 aquis.

387 1908 525 1990 Sceptra
547 1913 683 1976 tenente
704 1909 761 1975 illo
784 1908 926 1990 liquidas
948 1908 1066 1974 fecisse
1087 1925 1148 1988 per
1169 1924 1268 1973 auras

431 2014 548 2082 Nescio
571 2034 668 2097 quam
690 2016 804 2083 dicunt
826 2014 1023 2098 Iphigenian
1043 2013 1118 2096 iter,

387 2120 492 2205 Quam
512 2121 643 2189 levibus
665 2122 775 2189 ventis
797 2123 858 2188 sub
880 2122 968 2188 nube
989 2138 1049 2203 per
1071 2127 1151 2186 abra
1172 2123 1302 2187 vectam

433 2227 659 2316 (1101111111,Μο
680 2229 814 2295 Phoebe
836 2227 1023 2309 deposuisse
1044 2226 1134 2293 locis

344 2359 370 2400 a
386 2334 585 2401 Praefuerat
605 2335 728 2417 templo
750 2334 872 2401 multos
895 2352 935 2400 ea
957 2334 1022 2400 rite
1044 2352 1104 2415 per
1126 2351 1237 2414 annos

431 2441 546 2508 Invita
567 2459 729 2525 peragens
751 2439 864 2507 tristia
886 2459 982 2507 sacra
1003 2457 1114 2506 manu:

388 2546 467 2612 Cum
491 2546 553 2613 duo
576 2546 717 2614 velifera
738 2547 874 2614 iuvenes
895 2563 1017 2613 venere
1039 2545 1160 2629 carina,

432 2654 693 2734 Presseruntque
715 2671 773 2720 suo
795 2653 896 2719 litora
918 2657 1033 2718 nostra
1054 2652 1146 2733 pede.

387 2760 457 2825 Par
477 2759 544 2825 fuit
565 2759 617 2826 his
640 2764 734 2827 aetas
757 2763 792 2826 et
815 2777 913 2842 amor,
935 2776 1072 2839 quorum
1094 2756 1182 2824 alter
1203 2754 1345 2839 Orestes,

345 2891 372 2931 11
432 2866 497 2933 Ast
518 2867 660 2950 Pylades
683 2866 777 2933 aiter.
814 2865 947 2932 nomina
968 2863 1058 2930 fama
1080 2868 1183 2930 101101.

388 2973 544 3040 Protinus
566 2973 713 3040 inmitem
736 2972 870 3039 Triviae
893 2973 1057 3037 ducuntur
1079 2970 1122 3036 ad
1145 2988 1244 3053 aram,

433 3080 570 3148 Evincti
591 3081 738 3162 geminas
762 3080 804 3145 ad
826 3097 886 3145 sua
908 3083 1005 3161 terga
1027 3094 1150 3142 manua

389 3186 526 3270 Spargit
549 3205 634 3268 aqua
656 3190 769 3269 captos
792 3185 925 3252 lustrali
948 3183 1051 3252 Graia
1073 3182 1232 3265 sacerdos

433 3293 561 3359 Ambiit
583 3297 622 3357 ut
643 3291 754 3360 fulvas
775 3292 882 3358 infula
903 3291 1004 3374 longa
1027 3308 1143 3356 comas.

346 3425 372 3466 11
388 3400 538 3481 Dumque
560 3403 660 3480 parat
682 3416 819 3481 sacrum,
841 3399 917 3463 dum
940 3397 1034 3463 velat
1056 3400 1204 3477 tempora
1225 3394 1330 3478 vittis,

433 3507 519 3573 Dum
542 3507 660 3571 tardae
683 3522 799 3571 causas
821 3503 951 3571 invenit
972 3503 1046 3583 ipsa
1068 3518 1186 3584 morae,

390 3613 480 3679 “Nou
503 3631 562 3696 ego
586 3613 735 3694 crudelia,
758 3611 905 3677 iuvenes:
928 3606 1121 3690 ignoscitei'
1144 3606 1238 3690 dixit,

434 3718 555 3785 “Sacra
577 3737 635 3786 suo
658 3717 744 3784 facio
767 3715 961 3783 barbariora
982 3713 1062 3780 loco.
1217 3793 1219 3799 s
1282 3717 1284 3724 ‘

389 3823 487 3890 Ritus
510 3825 539 3891 is
562 3830 613 3891 est
635 3823 753 3908 gantis.
791 3842 857 3905 qua
879 3840 938 3891 vos
960 3825 1072 3887 tamen
1095 3820 1177 3886 urbe
1199 3818 1342 3886 venitis?

345 3956 373 3996 ao
434 3931 571 4015 Quodve
592 3950 708 4013 parum
731 3929 843 3996 fausta
864 3946 973 4022 puppe
994 3926 1126 4009 petistis
1148 3925 1255 3991 iter?’'

389 4038 498 4106 Dixit:
522 4042 557 4104 01
580 4038 692 4105 audito
714 4036 845 4119 patriae
866 4035 923 4117 pia
944 4033 1074 4100 nomine
1096 4032 1191 4115 virgo

434 4145 608 4212 Consortes
630 4145 721 4212 urbis
745 4142 901 4225 comperit
924 4159 996 4207 esse
1018 4158 1107 4206 suae.

308 4321 354 4376 bb.
390 4319 487 4389 coroa]
505 4317 653 4371 Midchen.
924 4308 1480 4384 (1101101011011)ςο1ος11111(10,(1011
1499 4307 1545 4362 die

308 4390 355 4445 68.
387 4387 560 4458 presserant]
579 4386 716 4440 betraten.
923 4382 1021 4437 Enden
1040 4383 1089 4436 der
1106 4383 1178 4436 vitta
1199 4399 1235 4434 au
1252 4379 1354 4434 beiden
1372 4378 1466 4434 Seiten
1483 4377 1545 4431 her-

310 4461 355 4515 72.
409 4459 513 4514 eminas
524 4457 634 4526 maus]
651 4472 741 4510 accus
755 4470 880 4526 graecus.
923 4451 1118 4535 unterhingen.
1135 4483 1171 4492 —
1189 4457 1219 4504 ut
1245 4473 1280 4496 =
1298 4455 1330 4503 ut
1368 4448 1475 4502 nimum.

308 4529 355 4585 74.
385 4475 441 4582 gie
450 4526 591 4594 1111010111
600 4526 646 4580 ein
655 4522 880 4606 wolleneaBand,
976 4521 1022 4577 811.
1057 4527 1111 4576 ater
1118 4526 1213 4590 petere
1237 4467 1545 4588 0110018ος1011111011.

256 4599 306 4654 das
325 4597 431 4652 mittola
449 4597 499 4652 der
522 4599 594 4650 vitto
615 4611 645 4649 ao
667 4611 715 4648 um
738 4595 784 4648 die
804 4592 881 4648 Strrn
