3716 5292
756 451 1012 520 Mfflmvn

423 627 528 710 Adsit,
553 632 587 692 et
610 627 754 693 attonito
776 646 839 693 non
863 632 996 692 taceare
1019 646 1107 708 souo;

379 731 460 798 Ossa
482 733 680 814 bipenniferi
703 733 749 798 sic
772 733 839 799 sint
861 733 946 799 male
969 751 1082 815 pressa
1104 733 1257 816 Lycurgi,

332 861 360 903 m
421 836 527 920 Impia
550 857 610 904 nec
632 858 737 919 poena
760 840 925 905 Pentheos
947 841 1063 905 umbra
1085 845 1194 922 vacet3

378 945 432 1012 Sic
454 945 553 1010 micet
576 950 743 1011 aeternum
766 946 941 1027 vicinaque
967 945 1076 1012 sidera
1099 933 1211 1013 vincat
1312 993 1313 998 η

423 1051 575 1134 Coniugis
598 1052 632 1116 in
656 1051 744 1118 caelo
768 1053 858 1118 clara
882 1069 999 1119 corona
1022 1054 1111 1118 tuael

376 1159 450 1223 Huc
473 1160 551 1224 alles
575 1161 609 1223 et
632 1177 726 1225 casus
748 1157 883 1240 releves,
906 1158 1130 1241 pulcherrime,
1154 1163 1289 1242 nostros,

421 1265 529 1330 Unum
554 1266 593 1330 de
616 1282 748 1330 numero
770 1281 821 1329 me
843 1283 965 1330 memor
988 1283 1058 1331 esse
1081 1267 1151 1330 tuo!

331 1397 359 1438 a
376 1371 459 1437 Sunt
484 1371 533 1437 dis
556 1372 644 1436 inter
667 1389 702 1436 se
725 1371 924 1436 commercia.
962 1370 1094 1437 flectere
1117 1377 1243 1452 tempta

421 1478 616 1544 Caesareum
639 1496 757 1543 numen
779 1477 918 1559 numine,
940 1478 1078 1560 Bacche,
1101 1481 1171 1546 tuo!

376 1585 443 1650 Vos
466 1602 601 1665 quoque,
625 1588 790 1650 consortes
814 1584 923 1667 studii,
946 1584 1001 1665 pia
1024 1585 1131 1666 turba,
1154 1589 1278 1667 poetae,

420 1691 512 1755 Haec
536 1691 648 1756 eadem
671 1695 798 1773 sumpto
822 1691 958 1772 quisque
980 1696 1097 1773 rogate
1118 1693 1220 1756 mero!

375 1797 486 1877 Atque
509 1797 628 1877 aliquis
651 1801 805 1880 vestrum,
828 1796 967 1862 Nasonis
990 1797 1118 1862 nomine
1141 1799 1236 1880 dicto,

331 1927 359 1966 eo
419 1903 566 1968 Attollat
589 1903 731 1968 lacrimis
754 1891 870 1983 pocula
892 1903 996 1968 mixta
1019 1903 1093 1986 sule,

375 2009 633 2088 Admonitaeque
656 2010 727 2092 mei,
752 2028 823 2075 cum
846 2009 1113 2090 circumspexerit
1136 2028 1253 2092 omnes,

419 2114 520 2179 Dicat
544 2114 617 2180 ‘Ubi
641 2120 692 2180 est
714 2117 818 2181 nostri
840 2135 917 2197 pars
941 2117 1034 2182 modo
1057 2115 1143 2182 Naso
1167 2115 1288 2182 chori?’

375 2221 477 2300 quue
490 2221 558 2304 -ita,
582 2221 610 2286 si
633 2226 778 2288 vestrum
801 2223 905 2288 merui
928 2223 1068 2288 candore
1090 2222 1246 2306 favorem,

419 2327 582 2408 Nullaque
605 2328 724 2394 iudicio
751 2329 865 2394 littera
888 2329 978 2394 laesa
1000 2347 1071 2394 meo
1084 2333 1154 2412 est,

329 2460 356 2500 a
373 2433 417 2515 Si,
440 2438 589 2500 veterum
613 2435 710 2516 digne
732 2453 871 2501 veneror
894 2453 966 2500 oum
989 2434 1113 2516 scripta
1136 2435 1288 2517 virorum,

419 2539 574 2606 Proxima
597 2558 661 2605 non
683 2540 750 2605 illis
773 2559 843 2606 esse
869 2543 995 2607 minora
1018 2559 1100 2606 reor.

338 2695 342 2702 .
375 2645 429 2712 Sic
451 2646 555 2728 igitur
577 2647 693 2710 dextro
716 2645 848 2712 faciatis
872 2647 1023 2728 Apolline
1047 2649 1190 2712 carmen!

419 2752 513 2835 Quod
535 2753 622 2835 licet,
645 2753 733 2817 inter
754 2771 812 2818 vos
835 2771 949 2818 nomen
973 2754 1092 2819 habete
1115 2756 1232 2818 meum!

734 3033 790 3100 llo.
808 3033 841 3100 51
866 3031 919 3117 (tr.
942 3033 973 3098 V
991 3032 1033 3116 7).

560 3205 850 3273 Charonterlstik
872 3206 933 3274 <les
956 3205 1206 3275 Getenrolkos

375 3377 478 3460 Quam
501 3379 593 3462 legis,
617 3399 658 3446 ex
680 3381 738 3444 illa
760 3382 823 3446 tibi
846 3383 939 3447 venit
962 3383 1104 3463 epistula
1127 3387 1225 3463 terra,

419 3485 523 3551 Latus
546 3486 604 3551 ubi
627 3487 796 3570 aequoreis
820 3488 953 3554 additur
975 3489 1090 3554 Hister
1112 3489 1214 3568 aquis.

374 3591 410 3657 Si
432 3593 496 3658 tibi
519 3593 681 3676 contingit
704 3612 776 3659 cnm
799 3593 885 3659 dulci
908 3596 981 3661 vita
1003 3595 1118 3677 salute,

420 3699 566 3765 Candida
589 3699 743 3765 fortunae
765 3719 842 3781 pars
865 3705 976 3766 manet
998 3721 1064 3766 una
1086 3718 1187 3766 meae.

293 3889 339 3943 39.
376 3889 448 3958 ossa]
466 3887 517 3940 das
529 3888 608 3944 Bein.
627 3920 661 3929 —
679 3888 862 3962 malopressc]
959 3892 1005 3946 lo.
1044 3891 1215 3960 Caesareum]
1233 3889 1451 3960 desAugustus.

241 3957 368 4028 grisslich
395 3958 563 4011 verwundet.
604 3959 672 4013 Simu
699 3960 787 4013 dieses
813 3959 862 4013 Di·
959 3987 1003 4042 52·
1039 3985 1125 4059 modo]
1144 3986 1222 4041 eiust·

240 4028 366 4166 {333ss
367 4027 452 4150 1θὲιέ
460 4029 568 4097 miigest
582 4028 652 4082 liber
663 4029 744 4083 deine
757 4029 863 4082 Feinde
959 4084 1004 4138 53·
1041 4079 1166 4154 eandm]
1185 4079 1371 4134 Reduchkeit‘

292 4167 337 4222 41·
373 4165 425 4219 Bei
465 4167 542 4220 ihrer
577 4166 772 4239 Vermffhlung
812 4169 864 4220 mii
959 4178 1004 4233 54.
1042 4179 1142 4246 littera]
1161 4176 1271 4247 (irgend
1289 4175 1344 4244 ein)
1370 4176 1526 4244 poetisches

241 4234 371 4289 Bacchus
396 4233 519 4306 empfing
540 4235 666 4290 Ariadne
690 4254 742 4291 von
767 4236 863 4292 Venus
905 4245 995 4302 work
1014 4250 1105 4317 (emer
1122 4246 1233 4315 Neda),

240 4323 304 4358 zum
318 4304 551 4376 Brautgesclreuk
570 4307 631 4360 eine
649 4307 771 4360 liberans
788 4305 862 4361 kost-

241 4375 309 4428 bare
326 4374 422 4428 Krene
442 4391 491 4427 aus
508 4373 582 4428 Gold
600 4376 657 4428 und
675 4375 862 4448 Edelgestein,

240 4442 468 4514 dieVulcangar
477 4444 761 4518 kuuotvollgeiertigt
770 4445 863 4514 hatte,
908 4429 922 4466 e

241 4513 315 4567 diese
342 4514 437 4566 wurde
466 4517 560 4583 spliter
585 4521 667 4569 unter
693 4517 739 4570 die
766 4515 863 4570 Sterne
959 4517 1005 4571 56.
1036 4515 1174 4590 prosimu]
1216 4515 1261 4568 die
1296 4514 1435 4568 Gedichte
1476 4514 1525 4566 der

241 4589 367 4637 versetzt.
385 4615 420 4624 -
437 4585 542 4654 vincat]
564 4585 686 4638 ntimlich
709 4603 746 4640 an
765 4583 862 4640 Glanz.
907 4602 1026 4639 neueren
1046 4586 1226 4654 (modernam).

1315 4670 1351 4723 8¹1·

958 4344 1004 4399 55.
1040 4360 1099 4398 cnm
1127 4342 1249 4410 ueneror]
1279 4341 1326 4394 bei
1357 4339 1427 4394 aller
1457 4339 1525 4393 Ver-

923 4413 1023 4484 hrung.
