3716 5292
869 435 987 491 Zweiter
1009 437 1081 491 Teil.

807 633 863 700 no.
879 633 928 701 tc
952 631 1007 717 (er.
1030 633 1079 700 tv
1096 633 1130 719 e)

564 785 751 868 Hoffnung
772 785 840 853 auf
857 785 1039 871 nrltsung
1062 789 1173 877 durch
1198 791 1266 858 den
1289 791 1375 860 Tod.

462 945 621 1025 Tempore
644 943 806 1011 ruricolae
828 945 959 1026 patiens
981 945 1019 1010 fit
1042 951 1158 1013 tamus
1182 949 1295 1032 aratri,

506 1050 650 1116 Praebet
673 1055 708 1117 et
730 1051 866 1118 incuruo
890 1052 974 1118 colla
995 1054 1170 1134 premenda
1193 1055 1281 1138 ingo;

462 1157 621 1239 Tempore
643 1163 739 1239 paret
762 1177 863 1239 equus
885 1158 984 1224 lentis
1008 1160 1170 1226 animosus
1192 1160 1351 1244 habenis·

506 1263 553 1328 Et
575 1264 703 1345 placido
727 1265 824 1330 duros
847 1265 969 1346 accipit
992 1284 1046 1331 ore
1068 1265 1174 1347 lup0s3

433 1370 619 1452 eTempore
642 1371 823 1437 Poenorum
847 1371 1061 1452 compescitur
1083 1371 1134 1436 ira
1156 1373 1293 1456 leonum,

506 1475 574 1541 Nec
596 1476 713 1543 feritas
737 1477 852 1560 enimc,
876 1495 960 1558 quae
982 1476 1047 1542 luit
1071 1482 1157 1560 ante,
1180 1486 1299 1561 manet,

462 1582 616 1665 Quaeque
639 1583 690 1648 sui
712 1583 844 1649 monitis
868 1585 1072 1664 obtemperat
1095 1584 1179 1650 Inda
1201 1586 1351 1668 magistri

506 1689 617 1771 Belua,
640 1690 811 1756 servitium
834 1694 979 1771 tempore
1002 1690 1092 1758 victa
1116 1691 1212 1756 subit.

461 1795 609 1878 Tempus,
632 1800 671 1860 ut
695 1796 837 1862 extensis
860 1801 987 1863 tumeat
1009 1796 1101 1880 facit,
1124 1816 1190 1864 uva
1212 1799 1358 1880 racemis,

418 1929 444 1968 ιο
504 1901 633 1983 Vixque
655 1920 778 1967 merum
803 1903 936 1983 capiant
959 1921 1073 1986 grana
1097 1905 1182 1984 quod
1205 1904 1294 1970 intus
1316 1906 1452 1986 habent;

461 2009 601 2088 Tempus
624 2009 715 2072 etin
738 2026 838 2073 canas
861 2027 970 2074 semen
991 2011 1142 2091 producit
1165 2011 1295 2094 aristas,

504 2114 551 2179 Et
571 2133 615 2180 ne
637 2114 705 2179 sint
727 2114 818 2179 tristi
839 2133 935 2195 poma
957 2133 1080 2198 sapore,
1104 2120 1208 2182 cavet.

460 2221 531 2286 Hoc
553 2225 672 2285 tenuat
694 2221 823 2286 dentem
846 2226 968 2287 terram
990 2222 1181 2288 renovantis
1204 2224 1319 2306 aratri,

494 2326 575 2392 ‘Hoc
598 2327 723 2410 rigidas
746 2327 863 2410 silices,
886 2328 947 2394 hoc
970 2329 1146 2393 adamanta
1168 2330 1258 2394 terit.

416 2457 443 2496 15
458 2434 529 2499 Hoc
553 2433 651 2499 etiam
675 2453 791 2501 saevas
814 2435 974 2515 paulatim
997 2435 1131 2517 mitigat
1153 2435 1230 2517 iras

503 2539 575 2605 Hoc
597 2540 715 2606 minuit
737 2540 844 2606 luctus
867 2545 1057 2620 maestaque
1080 2542 1179 2606 corda
1201 2540 1302 2608 levat.

460 2645 585 2712 Cuncta
608 2652 717 2729 potest
739 2648 843 2730 igitur
866 2648 970 2712 tacito
993 2649 1075 2728 pede
1098 2647 1192 2729 lapsa
1214 2652 1364 2716 vetustas

503 2753 740 2835 Praeterquam
764 2772 859 2820 curas
883 2758 1057 2819 attenuare
1079 2773 1176 2820 meas.

458 2859 506 2926 Ut
528 2861 639 2941 patria
662 2879 765 2944 careo,
788 2860 840 2925 bis
861 2859 1012 2943 frugibus
1035 2878 1113 2924 area
1136 2861 1219 2924 trita
1243 2865 1302 2942 est,

413 2989 441 3028 20
501 2951 654 3032 Dissiluit
676 2969 761 3033 nudo
783 2984 896 3048 pressa
918 2967 970 3032 bis
993 2985 1059 3032 uva
1082 2967 1172 3046 pede.

458 3072 527 3137 Nec
549 3073 699 3152 quaesita
721 3077 831 3139 tamen
854 3073 960 3154 spatio
983 3072 1147 3154 patientia
1169 3072 1266 3156 longo
1290 3078 1348 3156 est

389 3193 390 3196 ’
503 3179 660 3260 Mensque
683 3178 761 3243 mali
784 3197 912 3245 sensum
934 3184 1049 3244 nostra
1071 3180 1213 3245 recentis
1236 3180 1345 3245 habet.

458 3284 591 3350 Scilicet
615 3290 649 3350 et
671 3289 802 3352 veteres
825 3285 957 3368 lugiunt
979 3285 1058 3368 iuga
1080 3304 1179 3367 saepe
1200 3286 1338 3368 iuuenci,

501 3390 549 3455 nt
571 3391 711 3457 domitus
733 3391 825 3458 freno
848 3410 946 3472 saepe
968 3398 1132 3475 repugnat
1155 3411 1263 3473 equus,

413 3516 441 3556 sc
456 3496 596 3563 Tristior
619 3502 670 3564 est
693 3497 792 3564 etiam
815 3516 969 3580 praesens
992 3515 1148 3563 aerumna
1171 3499 1291 3580 priore:

502 3604 550 3669 Ut
572 3605 616 3669 sit
638 3605 724 3671 enim
747 3604 810 3669 sibi
833 3623 902 3686 par,
926 3605 1031 3671 crevit
1054 3609 1089 3670 et
1112 3609 1211 3669 ancta
1233 3622 1324 3669 mora
1347 3608 1405 3668 est.

392 3855 446 3910 No.
456 3854 501 3910 48.
524 3855 585 3909 4.l
625 3857 723 3978 oslvgas
732 3855 794 3924 (mit
803 3855 944 3924 Stacheln,
1041 3857 1087 3910 13.
1123 3856 1228 3924 tenuat]
1245 3855 1341 3908 macht
1358 3855 1472 3909 diinner.

321 3925 367 3977 die
385 3924 439 3978 den
458 3923 572 3978 Zithnen
610 3941 639 3978 es

322 3994 446 4059 werden,
465 3995 626 4064 versehene)
647 3994 754 4061 Gebid,
778 3994 887 4048 frenum
904 3994 945 4048 lu·
1041 3996 1087 4050 li.
1123 3995 1213 4063 lapsa]
1232 3993 1418 4048 schleichend.

322 4070 427 4132 patum.
1040 4065 1085 4120 1o.
1121 4065 1162 4134 ut]
1182 4063 1299 4118 seitdem
1317 4064 1381 4118 dell.

385 4128 416 4187 ’7.
451 4134 528 4187 Iuda
547 4133 638 4203 belua]
658 4133 708 4188 der
726 4133 848 4188 Elefant.
1040 4133 1087 4188 20.
1119 4135 1229 4203 pressa]
1246 4134 1393 4205 gokeltert.

390 4202 419 4259 t.
455 4202 653 4257 Konstruiere:
679 4209 783 4272 tempus
803 4203 889 4271 facit,
912 4210 945 4257 ct
1040 4203 1085 4258 21.
1122 4205 1249 4269 quaesita
1267 4205 1315 4274 est]
1339 4205 1386 4258 ich
1405 4204 1478 4258 habe
1497 4205 1549 4256 mir
1568 4221 1608 4257 er·

266 4307 271 4316 -
321 4289 376 4328 uva
407 4275 526 4328 catenatis
554 4275 672 4328 racemis
701 4280 806 4328 tumeat
835 4280 861 4329 et
890 4275 943 4343 (ct)
988 4274 1108 4328 worben.

319 4359 410 4412 prono
427 4358 540 4410 merum,
564 4344 638 4410 qood
662 4346 740 4398 intur
758 4343 873 4414 habent,
897 4345 945 4398 oea
1040 4343 1085 4398 22.
1119 4344 1246 4412 recentia]
1274 4343 1353 4413 quasi
1379 4343 1485 4398 melum
1514 4361 1609 4397 recens

319 4429 354 4467 co
374 4416 441 4467 torst.
988 4419 1067 4468 esset.
1491 4465 1493 4470 ,

350 4429 418 4539 p11.
449 4483 591 4552 producit]
609 4483 788 4537 vermandelt.
1040 4483 1087 4539 26.
1123 4483 1163 4550 ut]
1199 4480 1357 4552 konnessiv3
1394 4487 1501 4553 geeetzt
1535 4483 1608 4538 auch

373 4551 417 4608 12.
453 4554 542 4622 trosti]
561 4569 650 4607 saner.
988 4553 1051 4606 dass.

696 3924 766 3979 olfes
784 3926 945 3996 verglichen
1041 3925 1089 3980 14.
1126 3924 1331 3994 perpsallere
1349 3926 1394 3980 ab.
1512 3977 1515 3984 Δ
