3714 5298
894 453 991 530 515551
1013 453 1085 532 Teil.

476 639 564 707 Hine
586 639 650 705 init
672 637 856 722 Aegaeum,
873 628 937 720 quo
960 628 1120 723 Cycladas
1143 639 1263 721 aspicit
1285 659 1403 725 omnes,

522 745 714 825 Ioniumque
735 762 841 826 rapax
863 737 1070 827 Ioariumque
1092 746 1183 830 legit,
1477 791 1485 804 ,,

478 854 608 935 Perque
629 852 727 917 urbes
750 851 850 917 Asiae
871 851 1002 934 longum
1025 851 1111 933 petit
1133 851 1388 935 Hellespontum.
1458 851 1461 860 “

420 982 462 1026 rso
521 957 761 1038 Diversumquo
782 957 863 1024 loeis
886 957 958 1024 alta
979 963 1131 1039 pererrat
1152 958 1226 1025 iter.
1302 943 1343 956 ”
1473 943 1482 984 ¹·

479 1065 563 1130 Nom
585 1066 678 1129 modo
700 1062 860 1146 turilegos
882 1064 1024 1148 Arabas,
1047 1066 1140 1131 modo
1164 1065 1303 1147 despicit
1324 1066 1431 1150 Indos,

524 1171 611 1236 Hinc
633 1169 745 1252 Libys,
767 1170 844 1236 hino
866 1171 977 1237 Mero'e
1001 1172 1152 1253 sioeaque
1174 1176 1265 1239 terra
1287 1173 1411 1240 subest:

480 1277 574 1344 Nune
597 1276 668 1342 adit
689 1275 875 1359 Hesperios,
898 1278 1046 1343 Rhenum
1069 1279 1325 1360 Rhodanumque
1347 1280 1537 1361 Padumque

527 1384 646 1465 Teque,
669 1379 781 1448 future
803 1401 931 1466 parens,
955 1384 1089 1467 Thybri,
1111 1384 1256 1466 potentis
1279 1404 1392 1465 aquae.

423 1514 465 1556 uo
481 1490 551 1574 Quo
573 1487 683 1554 feror?
705 1489 885 1555 inmensum
908 1492 959 1555 est
983 1495 1112 1556 erratas
1136 1492 1243 1557 dicere
1266 1496 1383 1557 terras

526 1595 732 1662 Praeteritae
756 1594 867 1661 Cereri
888 1596 997 1662 nullus
1019 1597 1054 1663 in
1077 1598 1155 1664 orbe
1170 1598 1275 1664 locus.

483 1703 586 1770 Errat
608 1707 643 1768 et
665 1701 700 1767 in
723 1701 822 1785 eaelo,
844 1702 1024 1784 liquidique
1045 1704 1192 1770 inmunia
1213 1705 1305 1786 ponti

528 1809 727 1890 Adloquitur
749 1808 857 1891 gelido
879 1808 1028 1890 proxima
1050 1809 1145 1892 signa
1167 1810 1250 1892 polo.

483 1916 710 1983 ‘Parrhasides
733 1915 859 1999 stellae,
882 1934 1089 1996 -namque
1112 1917 1219 1983 omnia
1242 1934 1336 1982 nosse
1358 1915 1504 1998 potestis,

426 2049 467 2091 roo
527 2022 717 2103 Aequoreos
739 2039 914 2102 numquam
938 2040 1010 2086 oum
1033 2023 1178 2089 subeatis
1201 2041 1303 2104 aquas
1325 2060 1371 2070 —

484 2129 714 2211 Persephonen
736 2133 849 2193 natam
871 2127 1011 2194 miserae
1033 2134 1215 2195 monstrate
1238 2130 1391 2209 parentil'

530 2236 679 2303 Dixerat.
724 2235 800 2300 huie
822 2235 937 2300 Helice
959 2235 1043 2300 talia
1066 2237 1169 2302 verba
1191 2235 1307 2301 refert:

486 2343 636 2408 ‘Crimine
658 2359 723 2408 nox
745 2359 851 2407 vacua
874 2345 936 2422 est3
960 2341 1066 2408 Solem
1090 2342 1130 2407 de
1151 2342 1282 2424 virgine
1304 2345 1403 2423 rapta

531 2448 676 2532 Consule,
700 2448 756 2528 qui
777 2449 847 2513 late
869 2447 961 2512 taeta
984 2447 1101 2512 dimna
1123 2447 1232 2514 videt!
1329 2451 1354 2458 ''

427 2579 468 2622 ras
483 2554 539 2622 Sol
561 2556 672 2621 aditus
695 2555 799 2636 ‘quam
824 2554 971 2638 quaeris,’
995 2554 1045 2619 ait
1058 2556 1116 2648 '‘ne
1139 2573 1227 2620 vana
1249 2554 1386 2636 labores,

530 2663 643 2745 Nupta
664 2661 753 2728 Iovis
776 2660 876 2726 tratri
898 2661 1000 2727 tertia
1022 2680 1126 2744 regna
1148 2661 1257 2727 tenet!

487 2767 611 2852 Questa
634 2768 689 2834 diu
712 2785 829 2851 seeum,
851 2767 899 2833 sio
922 2773 972 2833 est
996 2767 1112 2833 adlata
1134 2769 1323 2850 Tonantem,

530 2875 740 2955 Maximoque
761 2874 797 2939 in
819 2873 913 2941 voltu
935 2874 1030 2955 signa
1054 2873 1193 2939 dolentis
1217 2877 1325 2939 erant:

487 2982 531 3049 ‘Si
553 3000 675 3047 memor
697 2999 740 3062 es,
764 2981 804 3044 de
828 2998 890 3060 quo
913 2980 993 3044 mihi
1016 2980 1060 3045 sit
1082 2979 1280 3062 Proserpina
1302 2982 1392 3061 nata,

428 3112 470 3155 rm
530 3087 707 3153 Dimidium
730 3104 828 3151 curae
851 3086 947 3151 debet
970 3087 1092 3152 habere
1114 3091 1201 3152 tuae.

488 3194 577 3261 Orbe
599 3196 769 3276 pererrato
792 3191 863 3257 sola
886 3196 936 3257 est
958 3192 1079 3258 iniuria
1100 3191 1184 3258 faeti

534 3299 681 3383 Cognita.
722 3297 882 3365 commissi
904 3299 1051 3379 praemia
1074 3303 1188 3381 raptor
1210 3299 1320 3363 habet.
1440 3385 1442 3390 ‚

488 3406 536 3474 At
557 3425 662 3487 neque
685 3405 892 3487 Persephone
916 3403 1016 3488 digna
1038 3409 1089 3470 est
1111 3406 1276 3486 praedone
1298 3403 1426 3485 marito,

533 3514 602 3580 Neo
623 3531 725 3595 gener
747 3512 809 3577 boo
830 3511 924 3577 nobis
945 3529 1035 3577 more
1057 3511 1223 3592 parandus
1246 3514 1328 3576 erat.

431 3646 472 3686 ra
488 3619 574 3703 Quid
597 3618 732 3703 gravius
755 3617 881 3685 victore
903 3616 999 3700 Gyge
1022 3617 1155 3698 captiva
1177 3616 1333 3698 tulissem,
1438 3703 1440 3706 Ι

536 3726 641 3809 Quam
664 3742 750 3790 nuno
772 3728 807 3789 te
830 3723 913 3789 caeli
936 3729 1067 3805 sceptra
1088 3726 1223 3788 tenente
1244 3721 1330 3788 tuli?
1431 3811 1434 3816 Α

491 3832 612 3898 Verum
635 3832 766 3913 impune
788 3829 886 3913 ierat,
908 3847 967 3895 nos
989 3830 1071 3895 haee
1093 3829 1256 3911 patiemur
1278 3827 1419 3908 inultae3

445 3959 448 3964 ·
536 3938 675 4021 Reddat,
699 3943 733 4003 et
756 3937 905 4002 emendet
927 3935 1020 4001 faeta
1041 3935 1153 4016 priora
1174 3934 1285 4002 novis’

491 4045 641 4127 Iuppiter
663 4045 748 4108 hano
770 4043 861 4125 lenit,
883 4041 1071 4122 tactumque
1095 4046 1230 4107 excusat
1253 4027 1370 4121 amore,

430 4252 491 4308 152.
526 4249 895 4323 5755515555]ᾱί57711115.
1023 4237 1025 4240 ¹
1054 4237 1056 4240 ¹
1093 4249 1155 4304 175.
1191 4249 1292 4302 5551555
1322 4246 1408 4316 pre]
1439 4261 1518 4298 wenn
1547 4242 1643 4312 Gyges

362 4318 364 4370 ἕ
429 4323 492 4378 151.
528 4320 693 4391 te]·Anrede
718 4337 754 4373 an
773 4320 827 4373 den
845 4318 915 4373 Gott
933 4319 980 4371 des
1025 4316 1340 4387 (Namenverzeiehnisl)
1370 4314 1466 4386 Sieger
1495 4311 1643 4383 gehlieben

359 4392 477 4446 Flusses.
1024 4391 1109 4453 wilre,
1134 4388 1160 4442 d.
1179 4388 1207 4440 h.
1231 4387 1270 4439 im
1288 4385 1426 4439 Zustande
1450 4382 1562 4453 grdllter
1586 4380 1643 4433 An·

362 4463 366 4492 ’·
430 4463 492 4518 157.
528 4460 605 4516 Weil
628 4461 675 4514 die
698 4417 981 4529 Ciroumpolarsterne
1025 4458 1121 4511 arohie
1147 4458 1226 4510 hdtte
1246 4474 1282 4510 ¹es
1308 4456 1361 4508 mir
1384 4452 1464 4507 nieht
1487 4446 1645 4505 sohlimmer

359 4533 440 4586 nieht
457 4532 638 4602 untergehen.
1025 4527 1146 4598 ergehen
1165 4527 1283 4580 konnen.
1590 4557 1593 4564 ι

430 4603 493 4657 lto.
524 4601 611 4672 debet]
626 4599 745 4670 Subjekt
757 4599 794 4652 ist
805 4597 981 4667 Proserpina.
