3716 5292
864 455 983 512 Zweiter
1004 457 1076 511 Teil.

461 618 529 684 Nea
551 619 653 684 letum
676 619 789 701 time03
812 637 915 702 genus
939 625 994 686 est·
1011 620 1198 688 miserabile
1220 620 1290 690 leti.

505 723 636 791 Demite
657 724 876 808 naufragium,
898 743 984 792 mors
1006 725 1086 792 mihi
1107 743 1224 792 munus
1237 725 1319 792 erit.

461 830 525 896 Eat
548 830 680 914 aliquid,
702 829 816 898 fatove
838 849 896 897 suo
919 830 1051 898 ferrove
1073 832 1242 897 cadentem

506 937 546 1002 In
569 937 674 1003 solida
695 936 836 1003 moriens
858 955 979 1018 ponere
1002 955 1118 1018 eorpus
1140 938 1245 1020 humo,

418 1066 445 1108 aa
460 1043 508 1108 Et
529 1043 685 1108 mandare
707 1041 775 1108 suis
798 1042 909 1123 aliqua
931 1046 966 1109 et
988 1062 1121 1126 sperare
1143 1044 1325 1126 sepulcrum

505 1149 552 1215 Et
574 1166 639 1215 non
662 1148 830 1228 aequoreis
852 1148 995 1231 piscibus
1019 1167 1090 1216 esse
1112 1150 1227 1216 cibum.

461 1253 596 1337 Fingite
618 1272 670 1319 me
692 1255 826 1337 dignum
848 1255 911 1320 tali
933 1274 1021 1339 neae,
1043 1274 1108 1321 nan
1131 1274 1191 1338 ego
1213 1254 1301 1322 solus

505 1361 570 1427 Hic
592 1361 703 1428 vehor.
748 1360 918 1426 inmeritos
941 1380 999 1427 cnr
1021 1380 1094 1427 mea
1115 1380 1220 1443 poena
1242 1361 1368 1431 trahit?

460 1467 525 1533 Pro
549 1467 659 1548 superi
681 1466 868 1547 viridesque
891 1467 953 1550 dei,
976 1467 1094 1548 quibus
1118 1486 1261 1548 aequora
1283 1486 1389 1552 aurae,

298 1637 302 1648 ,
417 1598 444 1638 eo
503 1575 655 1654 Utraque
677 1573 742 1637 iam
765 1577 895 1639 vestras
918 1573 1027 1639 sistite
1049 1574 1149 1639 turba
1171 1573 1288 1641 minas:

325 4082 407 4136 sinite
425 4099 468 4136 me
487 4081 629 4136 infelicem
646 4081 728 4136 ferre.

460 1679 629 1763 Quamque
652 1679 744 1746 dedit
765 1679 870 1747 vitam
892 1679 1065 1745 mitissima
1087 1679 1236 1746 Caesaris
1258 1680 1318 1763 ira,

503 1787 601 1852 Hanc
622 1785 722 1851 sinite
744 1784 860 1850 infelix
882 1786 917 1851 in
939 1786 1012 1852 loca
1033 1787 1122 1852 iussa
1143 1785 1256 1851 feram.

460 1891 515 1976 61,ἶ
528 1895 686 1974 quantam
708 1891 820 1973 merui,
843 1909 950 1972 paena
970 1911 1022 1958 me
1044 1895 1181 1973 perdere
1203 1892 1314 1974 vultis

505 1998 609 2080 Ouulpa
632 2016 705 2063 mea
728 2001 779 2062 est
802 1997 872 2079 ipso
894 1997 1001 2063 indiae
1024 2002 1128 2063 marte
1150 1998 1263 2063 minor.

414 2130 441 2171 aa
456 2103 593 2170 Mittere
614 2121 667 2169 me
690 2103 826 2186 Stygias
849 2103 878 2168 si
900 2103 966 2169 iam
988 2103 1148 2171 voluisset
1169 2104 1213 2168 ad
1235 2104 1338 2169 undas
1409 2173 1412 2178 ,

503 2209 633 2298 Caesar,
655 2209 690 2274 in
712 2209 775 2274 hoa
796 2213 911 2275 vestra
932 2227 998 2274 nou
1020 2209 1165 2290 eguisset
1187 2226 1256 2289 ope.

458 2317 520 2383 Est
544 2316 595 2382 illi
616 2315 722 2381 nostri
743 2332 808 2380 non
831 2314 995 2381 invidiosa
1018 2315 1141 2380 cruoris

502 2422 611 2504 Copia.
657 2422 806 2503 qnodque
828 2421 928 2504 dedit,
952 2440 1024 2487 enm
1046 2422 1145 2504 volet,
1167 2421 1238 2502 ipse
1260 2419 1378 2485 feret·

457 2530 524 2596 Vos
546 2530 649 2611 modo,
672 2545 751 2609 quas
774 2532 865 2594 carte
886 2527 985 2611 nullo,
1007 2529 1096 2611 puta,
1119 2527 1254 2593 erimine
1275 2525 1366 2609 laesi,

414 2660 441 2698 a
502 2634 655 2703 Contenti
676 2633 799 2700 nastris
821 2634 896 2717 iam,
919 2653 1043 2719 precor,
1067 2638 1137 2700 este
1159 2633 1267 2699 malisl

457 2742 526 2808 Nea
548 2746 669 2825 tamen,
692 2744 731 2808 ut
753 2740 865 2806 cuncti
887 2740 1040 2806 miserum
1063 2758 1197 2808 servare
1219 2739 1341 2822 velitis

503 2848 598 2932 Quod
619 2846 729 2931 pariit,
751 2845 880 2913 salvum
902 2846 968 2912 iam
992 2853 1092 2927 eaput
1115 2863 1185 2912 essa
1206 2849 1324 2927 potest.

459 2955 507 3022 Ut
529 2972 619 3021 mare
642 2953 791 3020 considat
813 2952 986 3032 ventisque
1008 2951 1190 3017 ferentibus
1213 2955 1299 3034 utar,

503 3061 551 3128 Ut
573 3059 655 3125 mihi
675 3058 832 3143 pareatis,
854 3076 919 3124 non
941 3057 1047 3123 minus
1070 3058 1145 3124 exul
1169 3059 1239 3124 eral

415 3194 441 3233 aa
457 3166 530 3233 Nun
554 3184 615 3249 ego
639 3165 775 3233 divitias
798 3165 915 3233 avidus
938 3164 1009 3230 sine
1030 3163 1094 3230 fine
1116 3163 1257 3246 parandi

503 3272 624 3338 Latum
647 3271 813 3337 mutandis
835 3271 996 3337 mercibus
1021 3289 1142 3352 aequor
1164 3288 1234 3336 ara:

415 3404 441 3444 a
457 3379 529 3445 Nou
552 3384 591 3445 ut
614 3377 796 3444 Alexandri
817 3377 942 3466 alaram
966 3378 1095 3443 delatus
1117 3377 1160 3442 ad
1182 3377 1296 3441 urbem

413 3512 441 3552 eo
501 3485 647 3552 Delicias
670 3485 809 3567 videam,
831 3483 906 3549 Nile
928 3483 1044 3568 iocose,
1067 3488 1156 3565 tuas3

378 3665 424 3722 66.
460 3665 564 3720 titides
594 3665 654 3736 dei]
689 3665 735 3718 ihr
765 3664 866 3720 Giittar
899 3666 950 3719 der
1048 3665 1092 3720 71.
1128 3655 1612 3733 uthonzessiv,enensoinv.73,74.

326 3733 526 3806 grmen-Flut.
1046 3751 1091 3806 aa.
1125 3747 1289 3815 teatrum]
1308 3745 1445 3817 manage.

379 3805 426 3860 66.
462 3805 522 3859 Aue
545 3805 636 3859 sistite
662 3804 699 3858 ist
725 3821 775 3858 vos
802 3806 949 3858 herausau-
1047 3836 1091 3891 76·
1126 3834 1269 3890 mutandi,
1288 3833 1431 3902 mereim]
1454 3830 1542 3884 Μ.
1566 3830 1613 3883 (1oe

328 3874 455 3942 nahmen,
468 3890 546 3928 wazu
557 3880 677 3941 atraque
689 3874 774 3928 turba
784 3874 832 3944 (W

326 3941 539 4014 Maaresgdtter)
557 3943 725 4024 Apposition
743 3944 787 3996 ist.

378 4012 424 4068 62.
460 4014 545 4068 sinite
565 4013 668 4078 fatalia
685 4012 784 4082 fuam]
808 4013 838 4066 in
861 4012 950 4067 Proaa
992 4061 1028 4098 m
1045 4042 1219 4112 verkaufen)

378 4152 425 4208 df.
458 4153 532 4222 ¹a'paa]
551 4151 704 4223 Angustus.

379 4223 425 4277 66.
461 4224 493 4276 in
510 4222 560 4278 hac
587 4221 746 4282 inhaere,

834 3875 883 3927 ind
892 3875 950 3928 und
993 3905 1138 3960 Zweekae:
1150 3921 1198 3958 um
1207 3901 1313 3956 Waren
1324 3900 1537 3956 einuutauaahen
1546 3899 1614 3967 (und

994 3976 1070 4030 dieea
1088 3974 1162 4028 daun
1182 3972 1284 4026 wieder
1301 3973 1353 4024 mit
1369 3971 1484 4043 groflem
1496 3968 1613 4023 Gewinn

1047 4131 1091 4186 76.
1127 4128 1191 4185 von
1210 4129 1259 4182 der
1274 4127 1474 4183 Alexandrina
1491 4125 1612 4191 licentia,

764 4221 882 4276 hierbgi,
994 4201 1058 4255 dam
1080 4200 1204 4270 uppigan
1229 4194 1464 4253 Groliatadtleben
1488 4193 1537 4247 der
1558 4192 1612 4246 Be-

379 4291 425 4347 aa.
461 4289 545 4345 sium
562 4289 951 4345 nrnuraanunaeueaeer
994 4270 1108 4324 wohner
1130 4286 1184 4323 von
1208 4266 1382 4322 Alexandria
1408 4263 1514 4344 uriom
1539 4260 1612 4316 auch

327 4361 400 4416 mein
414 4360 520 4427 Leben‚
539 4360 585 4414 die
603 4375 634 4414 er
651 4361 760 4427 beeitut,
778 4361 858 4414 nieht
877 4361 950 4414 anah
994 4339 1081 4394 ΟΜ
1099 4338 1202 4392 einmssl
1220 4337 1297 4406 (best
1317 4337 1368 4390 eil·
1445 4332 1503 4431 lm,
1515 4331 1552 4398 2)·

325 4429 419 4485 haban
438 4429 539 4484 wollen
563 4429 651 4502 (eigtl.
673 4430 714 4483 aie
733 4430 800 4484 dari
813 4429 860 4483 fiir
878 4431 950 4484 euch
1046 4426 1092 4482 66.
1127 4422 1410 4479 DerNilerhtltdas
1420 4417 1612 4484 Bernartius

325 4500 407 4554 nieht
489 4501 607 4554 enetand
625 4499 673 4554 des
691 4498 794 4554 Naides
812 4501 892 4569 eain).
994 4495 1146 4568 eigentlich
1164 4494 1218 4547 den
1243 4490 1355 4549 am'Nil
1372 4487 1543 4544 wahnenden
1559 4484 1611 4548 Be·

378 4569 423 4625 68.
473 4569 539 4639 eret]
556 4593 593 4616 =
610 4569 727 4624 auferet.

993 4566 1124 4620 wohnern
1143 4581 1196 4618 von
1214 4560 1388 4616 Alexandria
1404 4557 1552 4612 nukommt
