3714 5298
178 853 222 904 11.
236 849 302 905 Jon.

819 487 821 494 >
865 463 961 516 Erster
983 464 1054 520 Teil.

497 625 641 692 Hercule
664 643 727 706 qno
750 625 849 692 tellus
871 627 916 692 sit
938 628 1021 694 satis
1044 647 1105 695 usa
1127 649 1194 698 suc.

453 731 501 798 Aa
523 731 604 797 felix
627 736 730 814 vates,
753 736 792 796 ut
815 733 864 798 dis
887 734 1076 815 gratissima
1097 737 1193 820 vixit,

498 838 648 903 Possidet
670 839 757 904 hunc
780 839 854 904 Iani
876 839 924 906 sic
947 841 1009 906 dea
1031 859 1140 907 mense
1163 841 1256 909 diem.

852 1071 1066 1078 ——-.——.--

527 1255 582 1323 11.
627 1256 716 1324 Aus
745 1256 822 1326 der
847 1258 1100 1326 Rbmischen
1127 1259 1385 1330 Gerchichte.

611 1523 613 1530 Ι
783 1438 878 1508 uns
902 1439 1139 1527 (narr-70.)

424 1593 563 1665 oenum
584 1595 646 1664 des
668 1597 842 1664 Romulus
865 1596 939 1663 und
961 1597 1106 1665 Remus.
1151 1597 1357 1684 (101010οςΙ
1371 1599 1493 1668 Roma.

451 1770 557 1836 Silvia
579 1772 725 1837 Vestalis
748 1807 791 1818 —
814 1771 893 1852 quid
916 1772 1000 1837 enim
1023 1776 1119 1839 vetat
1140 1773 1216 1838 inde
1238 1772 1382 1840 moveri?
1406 1811 1450 1822 -
1547 1756 1551 1762 ’

496 1876 598 1942 Sacra
618 1878 790 1945 lavaturas
812 1896 907 1943 mane
929 1879 1065 1959 petebat
1088 1896 1198 1959 aquas.

452 1983 595 2049 Ventum
618 1989 691 2049 erat
713 1985 756 2048 ad
778 1984 868 2050 molli
891 1985 1049 2052 declivem
1072 1985 1206 2050 tramite
1229 1984 1349 2067 ripam:

497 2089 636 2154 Ponitur
658 2107 676 2154 e
698 2104 823 2155 summa
844 2089 955 2155 fictilis
978 2109 1061 2156 urna
1084 2109 1182 2156 coma.

422 2195 555 2262 cFessa
577 2195 700 2261 resedit
721 2195 827 2278 humo,
850 2200 1031 2276 ventosque
1054 2197 1181 2279 accepit
1204 2202 1317 2279 aperto

495 2301 643 2384 Pectore,
666 2301 818 2368 turbatas
841 2302 1053 2382 restituitque
1075 2320 1191 2368 comas.

451 2408 537 2473 Dum
560 2409 660 2493 sedet,
683 2409 854 2474 umbrosae
875 2407 993 2474 salices
1015 2408 1227 2489 volucresque
1253 2427 1391 2476 canorae

496 2514 661 2580 Fecerunt
682 2533 810 2580 somnus
833 2518 868 2580 et
889 2515 964 2581 leve
986 2533 1131 2580 murmur
1153 2533 1265 2596 aquae.

320 2627 322 2631 '
452 2619 581 2685 Blanda
603 2621 694 2700 quies
717 2620 831 2687 furtim
856 2621 953 2688 victis
976 2621 1123 2702 obrepsit
1145 2621 1264 2705 ocellis,

407 2753 435 2793 10
494 2727 542 2793 Et
563 2727 653 2793 cadit
676 2747 697 2793 a
718 2732 827 2794 mento
849 2728 1006 2810 languida
1028 2727 1119 2792 iacta
1141 2747 1264 2794 manus.

451 2833 542 2898 Mars
564 2834 656 2900 videt
678 2834 772 2917 hanc,
795 2835 964 2914 visamque
986 2833 1086 2915 cupit,
1110 2834 1300 2915 potiturque
1324 2836 1443 2916 cupita,

496 2940 543 3006 Et
565 2958 624 3006 sua
648 2941 761 3007 divina
783 2940 873 3006 furta
896 2939 1017 3006 fefellit
1039 2956 1108 3019 ope.

451 3044 588 3111 Somnus
611 3045 691 3128 abit,
713 3046 800 3110 iacet
822 3045 882 3112 illa
903 3045 1025 3128 gravis.
1062 3045 1128 3110 iam
1150 3045 1276 3114 scilicet
1298 3047 1388 3112 intra

496 3151 632 3216 Viscera
653 3151 820 3216 Romanae
842 3151 989 3217 conditor
1014 3151 1112 3217 Urbis
1134 3157 1215 3217 erat.

407 3282 435 3322 rc
449 3258 623 3339 Languida
645 3258 822 3340 consurgit,
843 3275 904 3322 nec
926 3258 998 3338 scit,
1021 3275 1080 3322 cur
1100 3258 1257 3341 languida
1279 3266 1402 3342 surgat,

495 3363 543 3428 Et
565 3365 696 3446 peragit
718 3365 796 3429 telis
819 3365 936 3430 arbore
957 3364 1037 3428 nixa
1058 3381 1168 3430 sonos:

452 3470 552 3537 ‘Utile
574 3471 620 3535 011
641 3470 857 3554 faustumque,
879 3489 1003 3553 precor,
1026 3471 1111 3551 quod
1133 3471 1275 3552 imagine
1298 3471 1400 3537 somni

496 3577 654 3644 Vidimus.
688 3597 731 3642 an
754 3594 863 3644 somno
886 3577 1006 3643 clarius
1030 3575 1230 3642 illuderet?
1364 3592 1367 3596 ·

451 3683 587 3766 Ignibus
609 3682 721 3749 Iliacis
745 3683 884 3765 aderam,
908 3702 980 3748 cum
1001 3684 1095 3762 lapsa
1118 3681 1245 3762 capillis

407 3817 435 3857 20
494 3790 626 3856 Decidit
649 3794 727 3856 aute
750 3807 859 3856 sacros
881 3790 978 3855 lanea
999 3789 1088 3855 vitta
1110 3788 1207 3854 icccs.

451 3897 532 3962 Inde
555 3897 638 3963 duae
660 3897 795 3979 pariter,
818 3897 891 3963 visu
914 3895 1072 3978 mirabile,
1094 3895 1223 3976 palmae

495 4002 650 4085 Surgunt.
685 4021 726 4069 ex
748 4002 814 4068 11110
837 4001 944 4068 altera
965 4001 1068 4067 maior
1091 4005 1172 4084 erat,

370 4225 459 4282 111.
481 4227 508 4282 1.
525 4223 939 4299 moccrrlausholenmnfangen.
983 4223 1201 4278 Liebesfreuden
1219 4225 1356 4296 hinwog“,
1376 4225 1402 4278 d.
1414 4225 1443 4280 h.
1456 4242 1485 4279 er
1496 4225 1552 4279 liali
1564 4227 1603 4280 sie

321 4311 329 4320 ⁵
371 4325 416 4384 10.
451 4330 558 4399 monus]
587 4330 639 4382 mit
668 4329 717 4383 der
746 4331 786 4384 sie
809 4329 853 4383 bis
877 4347 940 4384 zum
983 4294 1074 4390 piem
1092 4295 1214 4348 merkem

318 4398 499 4472 Einschlafeu
517 4399 567 4454 das
584 4399 662 4454 Kinn
681 4402 803 4470 gestiitzt
819 4401 907 4454 hatte.
1054 4363 1099 4418 ¹3·
1135 4366 1212 4418 imm
1219 4364 1333 4433 ΜΝ]
1346 4364 1376 4417 in
1388 4364 1477 4418 ihoem
1487 4362 1604 4420 Μῶα

1052 4432 1098 4488 21.
1133 4430 1206 4506 inde]
1231 4450 1281 4487 aus
1305 4433 1355 4487 der
1377 4450 1413 4487 zu
1437 4432 1535 4488 Bodan
1557 4451 1604 4506 ge·

352 4501 416 4559 ‚la
454 4501 546 4586 ,1101
565 4504 653 4557 durch
683 4502 819 4624 5111111010
846 4501 941 4555 Kumt
983 4501 1104 4555 fallenen
1129 4501 1219 4556 Binde
1236 4504 1311 4586 (dem
1329 4501 1446 4588 symbol
1469 4503 1519 4557 der
1542 4521 1603 4559 var-

318 4571 448 4627 tduschte
471 4588 502 4627 er
525 4589 564 4626 ere
588 4574 658 4626 iiber
703 4589 729 4626 re
746 4571 939 4626 varstohlenen
983 4571 1085 4625 letzten
1104 4570 1383 4643 Jungfrsuhchkec).
