3714 5298
736 470 788 526 No.
803 471 837 532 14
854 471 908 544 <VI
920 473 1078 544 sal-624).

399 644 505 729 Regia
527 663 580 711 res
602 646 708 712 scelus
732 649 798 712 estl
829 665 939 714 socero
963 667 1043 731 cape
1065 669 1168 734 regna
1189 658 1315 736 necato,

354 776 392 828 ro¹
442 750 489 816 Et
511 755 640 818 nostras
662 751 771 833 patrio
795 755 953 836 sanguine
975 755 1089 838 tingue
1112 757 1247 823 manusl’

399 856 535 924 Talibus
553 857 733 924 instinctus
756 859 836 926 solio
858 859 1009 941 privatus
1031 863 1066 928 in
1089 862 1156 930 alto

443 963 589 1059 Sederat
634 965 813 1030 attonitum
836 963 952 1049 volgus
976 969 1018 1034 ad
1040 987 1131 1033 arma
1153 970 1236 1035 ruit:

398 1069 485 1134 Hinc
508 1089 610 1154 curor,
633 1070 709 1136 hino
722 1054 855 1155 ‘caedes
878 1071 1068 1154 infirmaque
1090 1075 1235 1142 vincitur
1258 1081 1365 1142 aetas:

443 1175 581 1257 Sceptra
603 1194 704 1259 gener
726 1195 836 1243 socero
859 1182 956 1259 rapta
978 1179 1142 1260 Superbus
1165 1181 1275 1248 habet.

355 1307 381 1347 a
398 1281 473 1363 lpse
495 1283 555 1349 sub
579 1282 745 1366 Esquiliis,
769 1284 827 1351 ubi
850 1287 922 1350 erat
944 1303 1004 1350 sua
1026 1286 1126 1370 regia,
1151 1307 1263 1354 caesus

443 1388 592 1456 Concidit
614 1389 650 1454 iu
667 1390 754 1455 dura
777 1390 1047 1472 sanguinulentus
1070 1393 1175 1459 humo.

398 1493 494 1578 Filia,
518 1499 673 1577 carpento
696 1496 822 1577 patrios
844 1497 969 1562 initura
990 1502 1135 1583 penates,

442 1601 520 1667 ibat
541 1619 601 1683 per
623 1602 745 1668 medias
769 1602 839 1667 alta
860 1602 1018 1684 feroxque
1040 1605 1121 1671 vias.

399 1706 522 1788 Corpus
541 1712 582 1773 ‘ut
606 1709 743 1790 aspexit,
765 1708 908 1774 lacrimis
922 1711 1047 1794 auriga
1069 1711 1210 1794 profusis

353 1837 381 1876 so
441 1813 588 1881 Restitit.
632 1815 721 1880 hunc
742 1813 804 1879 tali
827 1815 962 1897 corripit
984 1816 1043 1882 illa
1065 1835 1155 1884 sono:

398 1919 518 2003 ‘Vadis
542 1941 584 1986 an
608 1924 762 2003 expectas
784 1920 926 2002 pretium
948 1921 1083 2003 pietatis
1107 1925 1272 1990 amarum?

441 2025 522 2109 Duo,
544 2027 685 2110 inquam,
707 2025 830 2093 invitas
853 2026 1006 2109 ipseper
1028 2047 1086 2094 ora
1107 2031 1223 2096 rotasl’

399 2131 498 2198 Certa
519 2133 598 2198 fides
621 2133 712 2199 iacti.
758 2133 865 2200 dictus
888 2133 1072 2201 Sceleratus
1097 2137 1138 2203 ab
1161 2137 1220 2202 illa

443 2238 551 2323 Vicus,
575 2243 609 2304 et
632 2244 768 2306 aeterna
790 2258 843 2306 res
866 2258 906 2306 ea
928 2259 1041 2320 pressa
1064 2246 1152 2307 nota.

354 2367 381 2407 εὖ
396 2346 478 2412 Post
500 2349 610 2411 tamen
633 2347 694 2412 hoo
717 2364 798 2412 ausa
821 2351 872 2412 est
893 2346 1058 2430 templum,
1081 2348 1279 2413 monimenta
1300 2349 1455 2432 parentis,

442 2452 600 2534 Tangere.
633 2453 729 2516 ‘mira
752 2452 888 2536 quidem,
911 2454 968 2518 sed
991 2458 1100 2520 tamen
1123 2457 1199 2519 acto
1221 2454 1345 2534 loquar.

398 2556 533 2639 Signum
557 2564 630 2623 erat
652 2558 687 2623 in
709 2557 789 2624 solio
813 2557 957 2623 residens
980 2560 1039 2625 sub
1063 2559 1205 2642 imagine
1226 2560 1330 2642 'Pulli3

442 2663 573 2729 Dicitur
595 2665 657 2729 hoc
679 2664 780 2730 oculis
803 2664 989 2746 opposuisse
1011 2682 1149 2749 manum,

398 2770 444 2836 nt
467 2788 532 2836 vox
555 2770 669 2835 audita
691 2775 742 2836 est
765 2770 883 2836 ‘voltus
906 2771 1095 2836 abscondite
1117 2775 1254 2854 nostros,
1343 2792 1346 2798 ¹

353 2902 381 2941 so
441 2875 490 2941 Ne
512 2880 612 2941 natae
634 2877 770 2942 videant
792 2895 851 2942 ora
873 2875 1015 2942 nefanda
1037 2895 1129 2944 meae
1137 2877 1153 2944 1’

398 2981 500 3048 Veste
523 2985 602 3047 data
626 2982 759 3066 tegitur.
805 2986 900 3050 vetat
922 2983 1007 3049 hano
1029 2983 1178 3050 Fortuna
1200 2985 1333 3066 moveri,

443 3089 489 3154 Et
512 3089 559 3154 sio
582 3107 600 3154 e
623 3089 744 3170 templo
768 3092 820 3154 est
841 3089 915 3170 ipsa
937 3088 1048 3156 locuta
1070 3108 1145 3156 suo:

399 3195 473 3261 ‘Ore
495 3195 642 3262 revelato
666 3214 731 3276 qua
752 3195 891 3276 primum
913 3196 985 3262 luce
1007 3196 1137 3277 patebit

442 3301 585 3385 Servius,
608 3303 689 3368 haec
711 3301 811 3383 positi
833 3302 940 3383 prima
961 3303 1094 3384 pudoris
1117 3303 1198 3368 erit!

354 3435 380 3475 sa
396 3408 538 3491 Parcite,
560 3413 738 3491 matronae,
760 3408 883 3474 vetitas
906 3408 1072 3491 attingere
1095 3412 1220 3489 vestes,

442 3515 598 3580 Sollemni
621 3514 703 3580 satis
726 3517 776 3579 est
799 3532 878 3580 voce
901 3533 1032 3582 movere
1054 3533 1174 3595 preces

397 3621 513 3702 Sitque
536 3626 635 3701 eaput
657 3638 783 3700 semper
805 3620 951 3686 Romano
974 3624 1081 3686 tectus
1105 3621 1235 3702 amictu,

443 3727 506 3810 Qui
528 3745 587 3793 reu
609 3727 644 3792 in
667 3733 780 3792 nostra
802 3727 959 3808 septimus
982 3727 1073 3793 Urbe
1095 3726 1167 3792 fuit.

317 3903 361 3958 11.
398 3901 670 3970 rationabatur]
688 3901 777 3953 suren
790 3900 885 3955 solone
981 3901 1026 3955 27.
1061 3900 1113 3953 suo
1143 3900 1263 3968 inopiae
1295 3871 1381 3968 rotza]
1407 3891 1465 3951 “aas
1495 3898 1549 3952 aen

264 3971 363 4024 Reden
381 3971 543 4042 aufgereizt.
562 4001 596 4010 -
610 3971 749 4040 privatus]
774 3969 884 4024 obwohl
928 3968 1039 4022 Tullius
1057 3968 1209 4022 daretellte.

150 4053 153 4058 ·
264 4057 294 4094 er
307 4041 384 4102 ¹doch
403 4058 454 4093 nur
473 4041 518 4093 eiu
535 4041 661 4109 privatus
680 4056 745 4093 war.
980 4039 1025 4094 34.
1057 4038 1319 4160 positissabgelegt,
1339 4035 1524 4118 ausgegeben.

317 4111 361 4166 18.
398 4110 466 4178 alta]
490 4109 725 4163 hocherhobeueu
748 4109 883 4178 Hauptes.
979 4109 1025 4164 st.
1063 4108 1121 4161 Des
1171 4107 1211 4160 ild
1236 4108 1284 4161 des
1306 4106 1418 4160 Serenus
1439 4105 1550 4160 Tullius

316 4182 361 4236 20.
396 4181 509 4249 restitit]
536 4178 608 4232 hielt
632 4195 677 4233 an.
703 4209 733 4218 -
760 4180 890 4248 corripit]
928 4195 985 4231 war
1011 4178 1073 4232 mit.
1087 4178 1165 4248 einer
1188 4177 1356 4232 Rdmisohen
1381 4175 1463 4246 Toga
1489 4192 1548 4230 vor-

264 4249 407 4305 herrsehte
425 4250 474 4302 ihn
493 4265 536 4302 an.
927 4247 1013 4300 hiillt·
1038 4265 1086 4300 um
1107 4247 1182 4300 diese
1201 4245 1343 4300 Tatsache
1360 4262 1395 4300 zu
1413 4245 1554 4312 erlsldren,v

267 4377 269 4382 ,
315 4319 361 4376 23.
397 4325 473 4375 corta
506 4318 576 4385 {idco
609 4317 693 4389 facti]
733 4313 794 4371 dass'
824 4318 885 4387 (das
928 4316 980 4370 hat
1003 4288 1075 4370 bold
1102 4317 1147 4370 die
1174 4315 1351 4386 vorliegende
1379 4313 1548 4370 Geeohiohte

264 4387 451 4458 Furehtbare)
501 4387 619 4453 eschah,
652 4385 734 4440 dafflr
763 4388 827 4458 gibt
855 4403 884 4440 es
929 4387 1048 4454 erziihlt,
1072 4386 1209 4440 naohdem
1233 4402 1262 4440 er
1287 4385 1387 4440 vorher
1404 4401 1458 4438 von
1481 4385 1550 4438 zwei

265 4458 477 4515 einensicheren
511 4456 885 4522 avelandmliohderName
929 4456 1049 4509 anderen
1063 4455 1443 4582 Erkldrungeuffesprochen
1460 4453 1549 4536 hatte.

263 4529 314 4582 der
332 4529 438 4584 Strasse.
669 4537 671 4546 ’
979 4526 1024 4581 38.
1060 4527 1198 4594 septimus]
1224 4526 1271 4578 we'
1297 4523 1377 4580 -ovid
1395 4523 1550 4588 denTrtus

268 4627 272 4636 ·
316 4599 361 4656 24.
397 4600 474 4669 nota]
493 4596 629 4652 Schande.
928 4595 1028 4648 Tatius
1046 4595 1219 4650 mitreohuet
1250 4643 1252 4648 ,
1550 4626 1555 4634 ·

1339 4679 1374 4733 3¹2}
