<?xml version="1.0" encoding="UTF-8"?>
<!DOCTYPE html PUBLIC "-//W3C//DTD XHTML 1.0 Transitional//EN"
    "http://www.w3.org/TR/xhtml1/DTD/xhtml1-transitional.dtd">
<html xmlns="http://www.w3.org/1999/xhtml" xml:lang="en" lang="en">
 <head>
  <title>
</title>
<meta http-equiv="Content-Type" content="text/html;charset=utf-8" />
  <meta name='ocr-system' content='tesseract 3.04.00' />
  <meta name='ocr-capabilities' content='ocr_page ocr_carea ocr_par ocr_line ocrx_word'/>
</head>
<body>
  <div class='ocr_page' id='page_1' title='image "./fastitristiaepi00ovidgoog_0111.png"; bbox 0 0 3724 5294; ppageno 0'>
   <div class='ocr_carea' id='block_1_1' title="bbox 853 441 1064 496">
    <p class='ocr_par' dir='ltr' id='par_1_1' title="bbox 853 441 1064 496">
     <span class='ocr_line' id='line_1_1' title="bbox 853 441 1064 496; baseline 0.009 -2"><span class='ocrx_word' id='word_1_1' title='bbox 853 441 972 496; x_wconf 86' lang='lat' dir='ltr'>Zweiter</span> <span class='ocrx_word' id='word_1_2' title='bbox 993 442 1064 496; x_wconf 79' lang='lat' dir='ltr'>Teil.</span> 
     </span>
    </p>
   </div>
   <div class='ocr_carea' id='block_1_2' title="bbox 402 599 1457 3879">
    <p class='ocr_par' dir='ltr' id='par_1_2' title="bbox 402 599 1457 3879">
     <span class='ocr_line' id='line_1_2' title="bbox 492 599 1294 687; baseline 0 -15"><span class='ocrx_word' id='word_1_3' title='bbox 492 605 700 686; x_wconf 85' lang='lat' dir='ltr'>Lubricaque</span> <span class='ocrx_word' id='word_1_4' title='bbox 721 606 861 671; x_wconf 87' lang='lat' dir='ltr'>inmotas</span> <span class='ocrx_word' id='word_1_5' title='bbox 884 609 971 670; x_wconf 90' lang='lat' dir='ltr'>testa</span> <span class='ocrx_word' id='word_1_6' title='bbox 992 606 1162 687; x_wconf 90' lang='lat' dir='ltr'>premebat</span> <span class='ocrx_word' id='word_1_7' title='bbox 1185 599 1294 687; x_wconf 82' lang='lat' dir='ltr'>aquas.</span> 
     </span>
     <span class='ocr_line' id='line_1_3' title="bbox 447 711 1330 794; baseline 0 -16"><span class='ocrx_word' id='word_1_8' title='bbox 447 713 515 779; x_wconf 88' lang='lat' dir='ltr'>Nec</span> <span class='ocrx_word' id='word_1_9' title='bbox 537 713 658 780; x_wconf 84' lang='lat' dir='ltr'>vidisse</span> <span class='ocrx_word' id='word_1_10' title='bbox 680 716 733 778; x_wconf 90' lang='lat' dir='ltr'>sat</span> <span class='ocrx_word' id='word_1_11' title='bbox 756 716 818 793; x_wconf 83' lang='lat' dir='ltr'>est3</span> <span class='ocrx_word' id='word_1_12' title='bbox 843 712 957 776; x_wconf 90' lang='lat' dir='ltr'>durum</span> <span class='ocrx_word' id='word_1_13' title='bbox 980 711 1177 778; x_wconf 81' lang='lat' dir='ltr'><strong>calcavimus</strong></span> <span class='ocrx_word' id='word_1_14' title='bbox 1200 731 1330 794; x_wconf 82' lang='lat' dir='ltr'>aequor,</span> 
     </span>
     <span class='ocr_line' id='line_1_4' title="bbox 402 818 1249 900; baseline -0.002 -14"><span class='ocrx_word' id='word_1_15' title='bbox 402 845 432 885; x_wconf 80' lang='lat' dir='ltr'>a</span> <span class='ocrx_word' id='word_1_16' title='bbox 491 819 650 900; x_wconf 88' lang='lat' dir='ltr'>Undaque</span> <span class='ocrx_word' id='word_1_17' title='bbox 672 836 735 884; x_wconf 93' lang='lat' dir='ltr'>non</span> <span class='ocrx_word' id='word_1_18' title='bbox 757 818 819 883; x_wconf 92' lang='lat' dir='ltr'>udo</span> <span class='ocrx_word' id='word_1_19' title='bbox 842 818 902 883; x_wconf 88' lang='lat' dir='ltr'>sub</span> <span class='ocrx_word' id='word_1_20' title='bbox 925 818 1008 899; x_wconf 89' lang='lat' dir='ltr'>pede</span> <span class='ocrx_word' id='word_1_21' title='bbox 1029 835 1154 884; x_wconf 88' lang='lat' dir='ltr'>summa</span> <span class='ocrx_word' id='word_1_22' title='bbox 1176 818 1249 884; x_wconf 82' lang='lat' dir='ltr'>fuit</span> 
     </span>
     <span class='ocr_line' id='line_1_5' title="bbox 448 923 1322 1008; baseline -0.001 -17"><span class='ocrx_word' id='word_1_23' title='bbox 448 925 484 992; x_wconf 86' lang='lat' dir='ltr'>si</span> <span class='ocrx_word' id='word_1_24' title='bbox 505 926 569 991; x_wconf 84' lang='lat' dir='ltr'>tibi</span> <span class='ocrx_word' id='word_1_25' title='bbox 591 925 660 991; x_wconf 85' lang='lat' dir='ltr'>tale</span> <span class='ocrx_word' id='word_1_26' title='bbox 681 923 802 989; x_wconf 85' lang='lat' dir='ltr'>iratum</span> <span class='ocrx_word' id='word_1_27' title='bbox 825 924 994 1006; x_wconf 89' lang='lat' dir='ltr'>quondam,</span> <span class='ocrx_word' id='word_1_28' title='bbox 1017 923 1175 1008; x_wconf 87' lang='lat' dir='ltr'>Leandre,</span> <span class='ocrx_word' id='word_1_29' title='bbox 1197 924 1322 1008; x_wconf 73' lang='lat' dir='ltr'>luisset,</span> 
     </span>
     <span class='ocr_line' id='line_1_6' title="bbox 491 1030 1324 1113; baseline 0.001 -17"><span class='ocrx_word' id='word_1_30' title='bbox 491 1032 564 1098; x_wconf 91' lang='lat' dir='ltr'>Non</span> <span class='ocrx_word' id='word_1_31' title='bbox 586 1030 673 1098; x_wconf 87' lang='lat' dir='ltr'>ieret</span> <span class='ocrx_word' id='word_1_32' title='bbox 695 1033 855 1112; x_wconf 89' lang='lat' dir='ltr'>angustae</span> <span class='ocrx_word' id='word_1_33' title='bbox 877 1047 963 1095; x_wconf 89' lang='lat' dir='ltr'>mors</span> <span class='ocrx_word' id='word_1_34' title='bbox 985 1033 1045 1095; x_wconf 91' lang='lat' dir='ltr'>tua</span> <span class='ocrx_word' id='word_1_35' title='bbox 1068 1031 1188 1097; x_wconf 84' lang='lat' dir='ltr'>crimen</span> <span class='ocrx_word' id='word_1_36' title='bbox 1212 1051 1324 1113; x_wconf 90' lang='lat' dir='ltr'>aquae.</span> 
     </span>
     <span class='ocr_line' id='line_1_7' title="bbox 448 1135 1361 1219; baseline 0 -17"><span class='ocrx_word' id='word_1_37' title='bbox 448 1138 530 1203; x_wconf 81' lang='lat' dir='ltr'>&#39;lum</span> <span class='ocrx_word' id='word_1_38' title='bbox 552 1155 657 1219; x_wconf 91' lang='lat' dir='ltr'>neque</span> <span class='ocrx_word' id='word_1_39' title='bbox 679 1155 715 1202; x_wconf 90' lang='lat' dir='ltr'>se</span> <span class='ocrx_word' id='word_1_40' title='bbox 736 1135 836 1217; x_wconf 90' lang='lat' dir='ltr'>pandi</span> <span class='ocrx_word' id='word_1_41' title='bbox 858 1141 994 1217; x_wconf 80' lang='lat' dir='ltr'><strong>possunt</strong></span> <span class='ocrx_word' id='word_1_42' title='bbox 1017 1137 1184 1218; x_wconf 86' lang='lat' dir='ltr'><strong>delphines</strong></span> <span class='ocrx_word' id='word_1_43' title='bbox 1206 1138 1241 1203; x_wconf 92' lang='lat' dir='ltr'>in</span> <span class='ocrx_word' id='word_1_44' title='bbox 1264 1157 1361 1208; x_wconf 86' lang='lat' dir='ltr'>auras</span> 
     </span>
     <span class='ocr_line' id='line_1_8' title="bbox 492 1243 1202 1324; baseline -0.001 -14"><span class='ocrx_word' id='word_1_45' title='bbox 492 1244 634 1324; x_wconf 82' lang='lat' dir='ltr'>Tohere3</span> <span class='ocrx_word' id='word_1_46' title='bbox 657 1247 812 1308; x_wconf 91' lang='lat' dir='ltr'>conantes</span> <span class='ocrx_word' id='word_1_47' title='bbox 835 1243 917 1307; x_wconf 89' lang='lat' dir='ltr'>dura</span> <span class='ocrx_word' id='word_1_48' title='bbox 941 1247 1069 1309; x_wconf 78' lang='lat' dir='ltr'>coercet</span> <span class='ocrx_word' id='word_1_49' title='bbox 1090 1244 1202 1309; x_wconf 76' lang='lat' dir='ltr'>hiems,</span> 
     </span>
     <span class='ocr_line' id='line_1_9' title="bbox 403 1348 1202 1434; baseline -0.003 -16"><span class='ocrx_word' id='word_1_50' title='bbox 403 1377 431 1418; x_wconf 69' lang='lat' dir='ltr'>«a</span> <span class='ocrx_word' id='word_1_51' title='bbox 447 1350 494 1417; x_wconf 82' lang='lat' dir='ltr'>Et</span> <span class='ocrx_word' id='word_1_52' title='bbox 516 1348 663 1431; x_wconf 87' lang='lat' dir='ltr'>quamvis</span> <span class='ocrx_word' id='word_1_53' title='bbox 685 1349 801 1415; x_wconf 86' lang='lat' dir='ltr'>boreas</span> <span class='ocrx_word' id='word_1_54' title='bbox 824 1349 958 1415; x_wconf 75' lang='lat' dir='ltr'>iactatio</span> <span class='ocrx_word' id='word_1_55' title='bbox 980 1350 1110 1415; x_wconf 76' lang='lat' dir='ltr'>insonet</span> <span class='ocrx_word' id='word_1_56' title='bbox 1132 1351 1202 1434; x_wconf 85' lang='lat' dir='ltr'>alis,</span> 
     </span>
     <span class='ocr_line' id='line_1_10' title="bbox 492 1455 1224 1538; baseline 0 -16"><span class='ocrx_word' id='word_1_57' title='bbox 492 1456 628 1522; x_wconf 86' lang='lat' dir='ltr'>Fluctus</span> <span class='ocrx_word' id='word_1_58' title='bbox 651 1456 685 1521; x_wconf 92' lang='lat' dir='ltr'>in</span> <span class='ocrx_word' id='word_1_59' title='bbox 709 1456 838 1522; x_wconf 89' lang='lat' dir='ltr'>obsesso</span> <span class='ocrx_word' id='word_1_60' title='bbox 861 1455 993 1538; x_wconf 82' lang='lat' dir='ltr'>gurgite</span> <span class='ocrx_word' id='word_1_61' title='bbox 1015 1455 1123 1522; x_wconf 87' lang='lat' dir='ltr'>nullus</span> <span class='ocrx_word' id='word_1_62' title='bbox 1147 1457 1224 1538; x_wconf 84' lang='lat' dir='ltr'>erit3</span> 
     </span>
     <span class='ocr_line' id='line_1_11' title="bbox 447 1563 1335 1645; baseline 0 -17"><span class='ocrx_word' id='word_1_63' title='bbox 447 1563 683 1644; x_wconf 86' lang='lat' dir='ltr'>Inclusaequae</span> <span class='ocrx_word' id='word_1_64' title='bbox 706 1563 782 1644; x_wconf 91' lang='lat' dir='ltr'>gelu</span> <span class='ocrx_word' id='word_1_65' title='bbox 804 1563 942 1628; x_wconf 90' lang='lat' dir='ltr'>stabunt</span> <span class='ocrx_word' id='word_1_66' title='bbox 964 1563 999 1628; x_wconf 91' lang='lat' dir='ltr'>in</span> <span class='ocrx_word' id='word_1_67' title='bbox 1021 1581 1181 1630; x_wconf 89' lang='lat' dir='ltr'>marmore</span> <span class='ocrx_word' id='word_1_68' title='bbox 1202 1582 1335 1645; x_wconf 71' lang='lat' dir='ltr'>puppes</span> 
     </span>
     <span class='ocr_line' id='line_1_12' title="bbox 491 1667 1256 1751; baseline -0.001 -16"><span class='ocrx_word' id='word_1_69' title='bbox 491 1671 559 1735; x_wconf 87' lang='lat' dir='ltr'>Neo</span> <span class='ocrx_word' id='word_1_70' title='bbox 580 1669 704 1751; x_wconf 85' lang='lat' dir='ltr'>poterit</span> <span class='ocrx_word' id='word_1_71' title='bbox 726 1669 849 1751; x_wconf 89' lang='lat' dir='ltr'>rigidas</span> <span class='ocrx_word' id='word_1_72' title='bbox 871 1667 994 1735; x_wconf 85' lang='lat' dir='ltr'>findere</span> <span class='ocrx_word' id='word_1_73' title='bbox 1016 1687 1123 1735; x_wconf 90' lang='lat' dir='ltr'>remus</span> <span class='ocrx_word' id='word_1_74' title='bbox 1146 1689 1256 1751; x_wconf 88' lang='lat' dir='ltr'>aquas.</span> 
     </span>
     <span class='ocr_line' id='line_1_13' title="bbox 447 1774 1221 1858; baseline 0.001 -17"><span class='ocrx_word' id='word_1_75' title='bbox 447 1776 596 1842; x_wconf 85' lang='lat' dir='ltr'>Vidimus</span> <span class='ocrx_word' id='word_1_76' title='bbox 618 1775 653 1840; x_wconf 93' lang='lat' dir='ltr'>in</span> <span class='ocrx_word' id='word_1_77' title='bbox 675 1774 782 1857; x_wconf 89' lang='lat' dir='ltr'>glacie</span> <span class='ocrx_word' id='word_1_78' title='bbox 805 1775 910 1855; x_wconf 84' lang='lat' dir='ltr'>pisces</span> <span class='ocrx_word' id='word_1_79' title='bbox 933 1777 1070 1841; x_wconf 90' lang='lat' dir='ltr'>haerere</span> <span class='ocrx_word' id='word_1_80' title='bbox 1093 1775 1221 1858; x_wconf 76' lang='lat' dir='ltr'>ligatos</span> 
     </span>
     <span class='ocr_line' id='line_1_14' title="bbox 404 1880 1256 1964; baseline 0.001 -17"><span class='ocrx_word' id='word_1_81' title='bbox 404 1907 432 1949; x_wconf 78' lang='lat' dir='ltr'>so</span> <span class='ocrx_word' id='word_1_82' title='bbox 492 1881 556 1948; x_wconf 85' lang='lat' dir='ltr'>Sed</span> <span class='ocrx_word' id='word_1_83' title='bbox 577 1899 654 1962; x_wconf 91' lang='lat' dir='ltr'>pars</span> <span class='ocrx_word' id='word_1_84' title='bbox 677 1899 718 1945; x_wconf 88' lang='lat' dir='ltr'>ex</span> <span class='ocrx_word' id='word_1_85' title='bbox 741 1880 806 1946; x_wconf 89' lang='lat' dir='ltr'>illis</span> <span class='ocrx_word' id='word_1_86' title='bbox 830 1885 909 1946; x_wconf 89' lang='lat' dir='ltr'>tunc</span> <span class='ocrx_word' id='word_1_87' title='bbox 932 1901 1058 1964; x_wconf 91' lang='lat' dir='ltr'>quoque</span> <span class='ocrx_word' id='word_1_88' title='bbox 1080 1883 1160 1950; x_wconf 86' lang='lat' dir='ltr'>viva</span> <span class='ocrx_word' id='word_1_89' title='bbox 1183 1882 1256 1950; x_wconf 85' lang='lat' dir='ltr'>fuit.</span> 
     </span>
     <span class='ocr_line' id='line_1_15' title="bbox 449 1987 1278 2072; baseline 0 -17"><span class='ocrx_word' id='word_1_90' title='bbox 449 1988 526 2055; x_wconf 86' lang='lat' dir='ltr'>Sive</span> <span class='ocrx_word' id='word_1_91' title='bbox 548 1988 653 2070; x_wconf 89' lang='lat' dir='ltr'>igitur</span> <span class='ocrx_word' id='word_1_92' title='bbox 675 1987 767 2053; x_wconf 93' lang='lat' dir='ltr'>nimii</span> <span class='ocrx_word' id='word_1_93' title='bbox 789 1989 909 2054; x_wconf 87' lang='lat' dir='ltr'>boreae</span> <span class='ocrx_word' id='word_1_94' title='bbox 931 1989 983 2055; x_wconf 84' lang='lat' dir='ltr'>vis</span> <span class='ocrx_word' id='word_1_95' title='bbox 1004 2006 1105 2055; x_wconf 90' lang='lat' dir='ltr'>saeva</span> <span class='ocrx_word' id='word_1_96' title='bbox 1127 1989 1278 2072; x_wconf 83' lang='lat' dir='ltr'>marinas,</span> 
     </span>
     <span class='ocr_line' id='line_1_16' title="bbox 491 2093 1188 2178; baseline 0.003 -18"><span class='ocrx_word' id='word_1_97' title='bbox 491 2094 569 2160; x_wconf 86' lang='lat' dir='ltr'>Sive</span> <span class='ocrx_word' id='word_1_98' title='bbox 591 2094 791 2159; x_wconf 81' lang='lat' dir='ltr'>redundatas</span> <span class='ocrx_word' id='word_1_99' title='bbox 812 2093 944 2160; x_wconf 89' lang='lat' dir='ltr'>flumine</span> <span class='ocrx_word' id='word_1_100' title='bbox 967 2095 1056 2177; x_wconf 91' lang='lat' dir='ltr'>cogit</span> <span class='ocrx_word' id='word_1_101' title='bbox 1079 2114 1188 2178; x_wconf 88' lang='lat' dir='ltr'>aquas,</span> 
     </span>
     <span class='ocr_line' id='line_1_17' title="bbox 447 2200 1267 2284; baseline -0.001 -16"><span class='ocrx_word' id='word_1_102' title='bbox 447 2201 611 2284; x_wconf 89' lang='lat' dir='ltr'>Protinus,</span> <span class='ocrx_word' id='word_1_103' title='bbox 635 2205 776 2281; x_wconf 89' lang='lat' dir='ltr'>aequato</span> <span class='ocrx_word' id='word_1_104' title='bbox 800 2200 893 2266; x_wconf 91' lang='lat' dir='ltr'>siccis</span> <span class='ocrx_word' id='word_1_105' title='bbox 917 2201 1121 2281; x_wconf 79' lang='lat' dir='ltr'>aquilonibus</span> <span class='ocrx_word' id='word_1_106' title='bbox 1144 2202 1267 2284; x_wconf 89' lang='lat' dir='ltr'>Histro,</span> 
     </span>
     <span class='ocr_line' id='line_1_18' title="bbox 492 2306 1210 2391; baseline 0.003 -19"><span class='ocrx_word' id='word_1_107' title='bbox 492 2307 666 2373; x_wconf 87' lang='lat' dir='ltr'>Invehitur</span> <span class='ocrx_word' id='word_1_108' title='bbox 689 2306 788 2372; x_wconf 86' lang='lat' dir='ltr'>celeri</span> <span class='ocrx_word' id='word_1_109' title='bbox 810 2307 971 2373; x_wconf 89' lang='lat' dir='ltr'>barbarus</span> <span class='ocrx_word' id='word_1_110' title='bbox 993 2308 1097 2374; x_wconf 88' lang='lat' dir='ltr'>hostis</span> <span class='ocrx_word' id='word_1_111' title='bbox 1120 2326 1210 2391; x_wconf 89' lang='lat' dir='ltr'>equo,</span> 
     </span>
     <span class='ocr_line' id='line_1_19' title="bbox 405 2413 1300 2496; baseline -0.001 -16"><span class='ocrx_word' id='word_1_112' title='bbox 405 2440 431 2480; x_wconf 78' lang='lat' dir='ltr'>a</span> <span class='ocrx_word' id='word_1_113' title='bbox 447 2413 561 2479; x_wconf 86' lang='lat' dir='ltr'>Hostis</span> <span class='ocrx_word' id='word_1_114' title='bbox 584 2432 664 2494; x_wconf 90' lang='lat' dir='ltr'>equo</span> <span class='ocrx_word' id='word_1_115' title='bbox 687 2413 813 2494; x_wconf 90' lang='lat' dir='ltr'>pollens</span> <span class='ocrx_word' id='word_1_116' title='bbox 835 2413 995 2496; x_wconf 91' lang='lat' dir='ltr'>longeque</span> <span class='ocrx_word' id='word_1_117' title='bbox 1017 2415 1152 2481; x_wconf 85' lang='lat' dir='ltr'>volante</span> <span class='ocrx_word' id='word_1_118' title='bbox 1173 2415 1300 2496; x_wconf 89' lang='lat' dir='ltr'>sagitta</span> 
     </span>
     <span class='ocr_line' id='line_1_20' title="bbox 493 2519 1136 2601; baseline 0.003 -17"><span class='ocrx_word' id='word_1_119' title='bbox 493 2519 643 2585; x_wconf 85' lang='lat' dir='ltr'>Vicinam</span> <span class='ocrx_word' id='word_1_120' title='bbox 665 2519 734 2584; x_wconf 91' lang='lat' dir='ltr'>late</span> <span class='ocrx_word' id='word_1_121' title='bbox 757 2520 974 2601; x_wconf 90' lang='lat' dir='ltr'>depopulatur</span> <span class='ocrx_word' id='word_1_122' title='bbox 996 2520 1136 2586; x_wconf 88' lang='lat' dir='ltr'>humum.</span> 
     </span>
     <span class='ocr_line' id='line_1_21' title="bbox 448 2625 1218 2710; baseline 0.003 -20"><span class='ocrx_word' id='word_1_123' title='bbox 448 2625 634 2707; x_wconf 88' lang='lat' dir='ltr'>Diffugiunt</span> <span class='ocrx_word' id='word_1_124' title='bbox 657 2626 722 2708; x_wconf 89' lang='lat' dir='ltr'>alii,</span> <span class='ocrx_word' id='word_1_125' title='bbox 746 2625 907 2708; x_wconf 87' lang='lat' dir='ltr'>nullisque</span> <span class='ocrx_word' id='word_1_126' title='bbox 929 2627 1099 2694; x_wconf 88' lang='lat' dir='ltr'>tuentibus</span> <span class='ocrx_word' id='word_1_127' title='bbox 1123 2645 1218 2710; x_wconf 86' lang='lat' dir='ltr'>agros</span> 
     </span>
     <span class='ocr_line' id='line_1_22' title="bbox 493 2720 1045 2815; baseline 0.004 -18"><span class='ocrx_word' id='word_1_128' title='bbox 493 2732 717 2798; x_wconf 88' lang='lat' dir='ltr'>Incustoditae</span> <span class='ocrx_word' id='word_1_129' title='bbox 740 2733 939 2814; x_wconf 86' lang='lat' dir='ltr'>diripiuntur</span> <span class='ocrx_word' id='word_1_130' title='bbox 960 2720 1045 2815; x_wconf 88' lang='lat' dir='ltr'>opes,</span> 
     </span>
     <span class='ocr_line' id='line_1_23' title="bbox 449 2837 1350 2923; baseline 0 -20"><span class='ocrx_word' id='word_1_131' title='bbox 449 2837 549 2904; x_wconf 88' lang='lat' dir='ltr'>Ruris</span> <span class='ocrx_word' id='word_1_132' title='bbox 572 2857 648 2921; x_wconf 92' lang='lat' dir='ltr'>opes</span> <span class='ocrx_word' id='word_1_133' title='bbox 670 2858 802 2923; x_wconf 86' lang='lat' dir='ltr'>parvae,</span> <span class='ocrx_word' id='word_1_134' title='bbox 825 2857 923 2920; x_wconf 87' lang='lat' dir='ltr'>pecus</span> <span class='ocrx_word' id='word_1_135' title='bbox 946 2844 981 2904; x_wconf 89' lang='lat' dir='ltr'>et</span> <span class='ocrx_word' id='word_1_136' title='bbox 1003 2838 1179 2905; x_wconf 90' lang='lat' dir='ltr'>stridentia</span> <span class='ocrx_word' id='word_1_137' title='bbox 1200 2840 1350 2920; x_wconf 90' lang='lat' dir='ltr'>plaustra</span> 
     </span>
     <span class='ocr_line' id='line_1_24' title="bbox 405 2944 1203 3028; baseline 0.005 -22"><span class='ocrx_word' id='word_1_138' title='bbox 405 2965 432 3006; x_wconf 83' lang='lat' dir='ltr'>oo</span> <span class='ocrx_word' id='word_1_139' title='bbox 491 2944 539 3009; x_wconf 84' lang='lat' dir='ltr'>Et</span> <span class='ocrx_word' id='word_1_140' title='bbox 562 2963 641 3026; x_wconf 89' lang='lat' dir='ltr'>quas</span> <span class='ocrx_word' id='word_1_141' title='bbox 664 2946 799 3012; x_wconf 88' lang='lat' dir='ltr'>divitias</span> <span class='ocrx_word' id='word_1_142' title='bbox 821 2946 928 3012; x_wconf 90' lang='lat' dir='ltr'>incola</span> <span class='ocrx_word' id='word_1_143' title='bbox 949 2963 1074 3028; x_wconf 89' lang='lat' dir='ltr'>pauper</span> <span class='ocrx_word' id='word_1_144' title='bbox 1094 2946 1203 3011; x_wconf 89' lang='lat' dir='ltr'>habet.</span> 
     </span>
     <span class='ocr_line' id='line_1_25' title="bbox 449 3051 1341 3134; baseline -0.001 -17"><span class='ocrx_word' id='word_1_145' title='bbox 449 3051 532 3117; x_wconf 91' lang='lat' dir='ltr'>Pars</span> <span class='ocrx_word' id='word_1_146' title='bbox 555 3052 667 3134; x_wconf 80' lang='lat' dir='ltr'>agitur</span> <span class='ocrx_word' id='word_1_147' title='bbox 688 3053 809 3118; x_wconf 87' lang='lat' dir='ltr'>vinctis</span> <span class='ocrx_word' id='word_1_148' title='bbox 831 3056 906 3133; x_wconf 92' lang='lat' dir='ltr'>post</span> <span class='ocrx_word' id='word_1_149' title='bbox 928 3056 1057 3134; x_wconf 89' lang='lat' dir='ltr'>tergum</span> <span class='ocrx_word' id='word_1_150' title='bbox 1080 3052 1178 3132; x_wconf 90' lang='lat' dir='ltr'>capta</span> <span class='ocrx_word' id='word_1_151' title='bbox 1199 3052 1341 3134; x_wconf 78' lang='lat' dir='ltr'>lacertis,</span> 
     </span>
     <span class='ocr_line' id='line_1_26' title="bbox 493 3157 1242 3240; baseline 0.003 -18"><span class='ocrx_word' id='word_1_152' title='bbox 493 3157 684 3238; x_wconf 86' lang='lat' dir='ltr'>Respiciens</span> <span class='ocrx_word' id='word_1_153' title='bbox 706 3157 832 3224; x_wconf 75' lang='lat' dir='ltr'>frustra</span> <span class='ocrx_word' id='word_1_154' title='bbox 854 3177 932 3223; x_wconf 89' lang='lat' dir='ltr'>rura</span> <span class='ocrx_word' id='word_1_155' title='bbox 954 3159 1120 3238; x_wconf 90' lang='lat' dir='ltr'>laremque</span> <span class='ocrx_word' id='word_1_156' title='bbox 1142 3177 1242 3240; x_wconf 88' lang='lat' dir='ltr'>suum,</span> 
     </span>
     <span class='ocr_line' id='line_1_27' title="bbox 449 3263 1264 3348; baseline 0 -18"><span class='ocrx_word' id='word_1_157' title='bbox 449 3264 533 3330; x_wconf 85' lang='lat' dir='ltr'>Pars</span> <span class='ocrx_word' id='word_1_158' title='bbox 556 3263 645 3330; x_wconf 91' lang='lat' dir='ltr'>cadit</span> <span class='ocrx_word' id='word_1_159' title='bbox 666 3264 810 3330; x_wconf 88' lang='lat' dir='ltr'>hamatis</span> <span class='ocrx_word' id='word_1_160' title='bbox 832 3265 949 3330; x_wconf 90' lang='lat' dir='ltr'>misere</span> <span class='ocrx_word' id='word_1_161' title='bbox 972 3264 1097 3330; x_wconf 85' lang='lat' dir='ltr'>confixa</span> <span class='ocrx_word' id='word_1_162' title='bbox 1119 3265 1264 3348; x_wconf 85' lang='lat' dir='ltr'>sagittis:</span> 
     </span>
     <span class='ocr_line' id='line_1_28' title="bbox 493 3369 1217 3438; baseline 0.004 -4"><span class='ocrx_word' id='word_1_163' title='bbox 493 3369 576 3434; x_wconf 92' lang='lat' dir='ltr'>Nam</span> <span class='ocrx_word' id='word_1_164' title='bbox 599 3369 725 3437; x_wconf 84' lang='lat' dir='ltr'>volucri</span> <span class='ocrx_word' id='word_1_165' title='bbox 746 3370 834 3437; x_wconf 81' lang='lat' dir='ltr'>ferro</span> <span class='ocrx_word' id='word_1_166' title='bbox 857 3371 986 3437; x_wconf 91' lang='lat' dir='ltr'>tinctile</span> <span class='ocrx_word' id='word_1_167' title='bbox 1008 3372 1100 3438; x_wconf 80' lang='lat' dir='ltr'>vimus</span> <span class='ocrx_word' id='word_1_168' title='bbox 1123 3371 1217 3437; x_wconf 87' lang='lat' dir='ltr'>inest.</span> 
     </span>
     <span class='ocr_line' id='line_1_29' title="bbox 406 3475 1411 3560; baseline -0.001 -18"><span class='ocrx_word' id='word_1_169' title='bbox 406 3502 432 3542; x_wconf 79' lang='lat' dir='ltr'>cs</span> <span class='ocrx_word' id='word_1_170' title='bbox 448 3475 539 3559; x_wconf 76' lang='lat' dir='ltr'>Quae</span> <span class='ocrx_word' id='word_1_171' title='bbox 561 3482 727 3557; x_wconf 90' lang='lat' dir='ltr'>nequeunt</span> <span class='ocrx_word' id='word_1_172' title='bbox 749 3495 858 3544; x_wconf 89' lang='lat' dir='ltr'>secum</span> <span class='ocrx_word' id='word_1_173' title='bbox 880 3476 967 3543; x_wconf 81' lang='lat' dir='ltr'>ferre</span> <span class='ocrx_word' id='word_1_174' title='bbox 991 3482 1049 3544; x_wconf 89' lang='lat' dir='ltr'>aut</span> <span class='ocrx_word' id='word_1_175' title='bbox 1072 3477 1241 3560; x_wconf 90' lang='lat' dir='ltr'>abducere,</span> <span class='ocrx_word' id='word_1_176' title='bbox 1264 3478 1411 3558; x_wconf 85' lang='lat' dir='ltr'>perdunt,</span> 
     </span>
     <span class='ocr_line' id='line_1_30' title="bbox 493 3581 1278 3650; baseline 0.001 -3"><span class='ocrx_word' id='word_1_177' title='bbox 493 3581 540 3647; x_wconf 85' lang='lat' dir='ltr'>Et</span> <span class='ocrx_word' id='word_1_178' title='bbox 563 3587 686 3648; x_wconf 90' lang='lat' dir='ltr'>cremat</span> <span class='ocrx_word' id='word_1_179' title='bbox 709 3584 853 3650; x_wconf 88' lang='lat' dir='ltr'>insontes</span> <span class='ocrx_word' id='word_1_180' title='bbox 875 3585 1003 3650; x_wconf 91' lang='lat' dir='ltr'>hostica</span> <span class='ocrx_word' id='word_1_181' title='bbox 1025 3583 1154 3649; x_wconf 90' lang='lat' dir='ltr'>flamma</span> <span class='ocrx_word' id='word_1_182' title='bbox 1176 3601 1278 3648; x_wconf 90' lang='lat' dir='ltr'>casas.</span> 
     </span>
     <span class='ocr_line' id='line_1_31' title="bbox 449 3687 1457 3773; baseline 0.002 -21"><span class='ocrx_word' id='word_1_183' title='bbox 449 3687 541 3753; x_wconf 80' lang='lat' dir='ltr'>Tunc</span> <span class='ocrx_word' id='word_1_184' title='bbox 563 3707 699 3773; x_wconf 89' lang='lat' dir='ltr'>quoque,</span> <span class='ocrx_word' id='word_1_185' title='bbox 722 3709 793 3755; x_wconf 92' lang='lat' dir='ltr'>cum</span> <span class='ocrx_word' id='word_1_186' title='bbox 816 3709 881 3771; x_wconf 85' lang='lat' dir='ltr'>pax</span> <span class='ocrx_word' id='word_1_187' title='bbox 904 3696 963 3773; x_wconf 73' lang='lat' dir='ltr'>est</span> <span class='ocrx_word' id='word_1_188' title='bbox 986 3691 1153 3771; x_wconf 91' lang='lat' dir='ltr'>trepidant</span> <span class='ocrx_word' id='word_1_189' title='bbox 1176 3687 1348 3755; x_wconf 80' lang='lat' dir='ltr'>formidine</span> <span class='ocrx_word' id='word_1_190' title='bbox 1369 3688 1457 3771; x_wconf 86' lang='lat' dir='ltr'>belli,</span> 
     </span>
     <span class='ocr_line' id='line_1_32' title="bbox 413 3794 1330 3879; baseline 0.003 -21"><span class='ocrx_word' id='word_1_191' title='bbox 413 3835 418 3844; x_wconf 87' lang='lat'>·</span> <span class='ocrx_word' id='word_1_192' title='bbox 492 3794 560 3860; x_wconf 89' lang='lat' dir='ltr'>Nee</span> <span class='ocrx_word' id='word_1_193' title='bbox 583 3796 753 3877; x_wconf 90' lang='lat' dir='ltr'>quisquam</span> <span class='ocrx_word' id='word_1_194' title='bbox 775 3815 886 3879; x_wconf 88' lang='lat' dir='ltr'>presso</span> <span class='ocrx_word' id='word_1_195' title='bbox 909 3814 1039 3864; x_wconf 89' lang='lat' dir='ltr'>vomere</span> <span class='ocrx_word' id='word_1_196' title='bbox 1061 3796 1168 3862; x_wconf 92' lang='lat' dir='ltr'>sulcat</span> <span class='ocrx_word' id='word_1_197' title='bbox 1190 3796 1330 3861; x_wconf 92' lang='lat' dir='ltr'>humum.</span> 
     </span>
    </p>
   </div>
   <div class='ocr_carea' id='block_1_3' title="bbox 366 3939 1598 4082">
    <p class='ocr_par' dir='ltr' id='par_1_3' title="bbox 366 3939 1598 4082">
     <span class='ocr_line' id='line_1_33' title="bbox 367 3939 1598 4062; baseline -0.004 -67"><span class='ocrx_word' id='word_1_198' title='bbox 367 3939 413 3995; x_wconf 77' lang='grc'>38.</span> <span class='ocrx_word' id='word_1_199' title='bbox 448 3940 591 4062; x_wconf 53' lang='lat' dir='ltr'>umjffie</span> <span class='ocrx_word' id='word_1_200' title='bbox 609 3939 755 3996; x_wconf 79' lang='lat' dir='ltr'>Eisdeclre.</span> <span class='ocrx_word' id='word_1_201' title='bbox 784 4013 790 4025; x_wconf 38' lang='lat'>.</span> <span class='ocrx_word' id='word_1_202' title='bbox 861 4012 867 4024; x_wconf 31' lang='grc' dir='ltr'>ι</span> <span class='ocrx_word' id='word_1_203' title='bbox 1019 3941 1077 4024; x_wconf 69' lang='lat'>,⁵3·</span> <span class='ocrx_word' id='word_1_204' title='bbox 1113 3941 1241 4010; x_wconf 78' lang='lat' dir='ltr'>aequato]</span> <span class='ocrx_word' id='word_1_205' title='bbox 1253 3941 1323 3994; x_wconf 87' lang='lat' dir='ltr'>eben</span> <span class='ocrx_word' id='word_1_206' title='bbox 1336 3941 1475 4026; x_wconf 75' lang='lat' dir='ltr'>gemacht,</span> <span class='ocrx_word' id='word_1_207' title='bbox 1493 3939 1557 3994; x_wconf 84' lang='lat' dir='ltr'>weil</span> <span class='ocrx_word' id='word_1_208' title='bbox 1569 3955 1598 3992; x_wconf 84' lang='lat' dir='ltr'>er</span> 
     </span>
     <span class='ocr_line' id='line_1_34' title="bbox 366 4009 1426 4082; baseline 0 -18"><span class='ocrx_word' id='word_1_209' title='bbox 366 4009 415 4065; x_wconf 72' lang='grc'>48.</span> <span class='ocrx_word' id='word_1_210' title='bbox 446 4026 509 4078; x_wconf 79' lang='lat' dir='ltr'>pon</span> <span class='ocrx_word' id='word_1_211' title='bbox 529 4010 554 4079; x_wconf 75' lang='lat' dir='ltr'>a]</span> <span class='ocrx_word' id='word_1_212' title='bbox 572 4027 644 4064; x_wconf 91' lang='lat' dir='ltr'>nom.</span> <span class='ocrx_word' id='word_1_213' title='bbox 661 4010 734 4080; x_wconf 83' lang='lat' dir='ltr'>plur.</span> <span class='ocrx_word' id='word_1_214' title='bbox 752 4010 842 4080; x_wconf 87' lang='lat' dir='ltr'>(mcht</span> <span class='ocrx_word' id='word_1_215' title='bbox 859 4010 935 4064; x_wconf 89' lang='lat' dir='ltr'>mfin.</span> <span class='ocrx_word' id='word_1_216' title='bbox 979 4011 1062 4064; x_wconf 80' lang='lat' dir='ltr'>kenne</span> <span class='ocrx_word' id='word_1_217' title='bbox 1082 4009 1193 4064; x_wconf 89' lang='lat' dir='ltr'>Wellen</span> <span class='ocrx_word' id='word_1_218' title='bbox 1211 4010 1291 4065; x_wconf 88' lang='lat' dir='ltr'>mehr</span> <span class='ocrx_word' id='word_1_219' title='bbox 1309 4011 1426 4082; x_wconf 84' lang='lat' dir='ltr'>schlagt.</span> 
     </span>
    </p>
   </div>
   <div class='ocr_carea' id='block_1_4' title="bbox 336 4079 1598 4177">
    <p class='ocr_par' dir='ltr' id='par_1_4' title="bbox 336 4079 1598 4177">
     <span class='ocr_line' id='line_1_35' title="bbox 336 4079 1598 4177; baseline 0.015 -46"><span class='ocrx_word' id='word_1_220' title='bbox 336 4079 400 4147; x_wconf 82' lang='lat' dir='ltr'>ass.)</span> <span class='ocrx_word' id='word_1_221' title='bbox 425 4079 536 4132; x_wconf 80' lang='lat' dir='ltr'>bezieht</span> <span class='ocrx_word' id='word_1_222' title='bbox 553 4079 614 4133; x_wconf 88' lang='lat' dir='ltr'>sich</span> <span class='ocrx_word' id='word_1_223' title='bbox 635 4080 687 4133; x_wconf 79' lang='lat' dir='ltr'>auf</span> <span class='ocrx_word' id='word_1_224' title='bbox 708 4081 761 4134; x_wconf 84' lang='lat' dir='ltr'>den</span> <span class='ocrx_word' id='word_1_225' title='bbox 779 4081 936 4151; x_wconf 83' lang='lat' dir='ltr'>gewdlbten</span> <span class='ocrx_word' id='word_1_226' title='bbox 1031 4105 1078 4162; x_wconf 51' lang='lat'>59·</span> <span class='ocrx_word' id='word_1_227' title='bbox 1112 4106 1270 4177; x_wconf 50' lang='lat' dir='ltr'>mgna-a]</span> <span class='ocrx_word' id='word_1_228' title='bbox 1292 4105 1460 4160; x_wconf 62' lang='lat' dir='ltr'>pmimhend</span> <span class='ocrx_word' id='word_1_229' title='bbox 1478 4105 1518 4174; x_wconf 72' lang='lat' dir='ltr'>(in</span> <span class='ocrx_word' id='word_1_230' title='bbox 1536 4104 1598 4159; x_wconf 75' lang='lat' dir='ltr'>dem</span> 
     </span>
    </p>
   </div>
   <div class='ocr_carea' id='block_1_5' title="bbox 343 4148 1345 4289">
    <p class='ocr_par' dir='ltr' id='par_1_5' title="bbox 343 4148 1345 4289">
     <span class='ocr_line' id='line_1_36' title="bbox 343 4148 1345 4289; baseline 0.027 -88"><span class='ocrx_word' id='word_1_231' title='bbox 343 4148 432 4272; x_wconf 46' lang='lat' dir='ltr'>hohen</span> <span class='ocrx_word' id='word_1_232' title='bbox 449 4148 748 4289; x_wconf 46' lang='lat' dir='ltr'>geraD&#39;elfflnehureh</span> <span class='ocrx_word' id='word_1_233' title='bbox 766 4219 935 4288; x_wconf 59' lang='lat' dir='ltr'><strong>Metonymie</strong></span> <span class='ocrx_word' id='word_1_234' title='bbox 979 4174 1198 4247; x_wconf 77' lang='lat' dir='ltr'>festgefrorenen</span> <span class='ocrx_word' id='word_1_235' title='bbox 1217 4175 1345 4244; x_wconf 87' lang='lat' dir='ltr'>Schnee).</span> 
     </span>
    </p>
   </div>
   <div class='ocr_carea' id='block_1_6' title="bbox 314 4270 1599 4427">
    <p class='ocr_par' dir='ltr' id='par_1_6' title="bbox 314 4270 1599 4427">
     <span class='ocr_line' id='line_1_37' title="bbox 314 4270 1599 4395; baseline -0.009 -62"><span class='ocrx_word' id='word_1_236' title='bbox 314 4311 350 4333; x_wconf 91' lang='lat'>=</span> <span class='ocrx_word' id='word_1_237' title='bbox 367 4287 416 4340; x_wconf 87' lang='lat' dir='ltr'>das</span> <span class='ocrx_word' id='word_1_238' title='bbox 434 4285 490 4339; x_wconf 85' lang='lat' dir='ltr'>Eis.</span> <span class='ocrx_word' id='word_1_239' title='bbox 1031 4271 1077 4326; x_wconf 77' lang='lat'>61.</span> <span class='ocrx_word' id='word_1_240' title='bbox 1091 4272 1189 4395; x_wconf 58' lang='lat' dir='ltr'>Vpars]</span> <span class='ocrx_word' id='word_1_241' title='bbox 1199 4270 1353 4340; x_wconf 85' lang='lat' dir='ltr'>entsprieht</span> <span class='ocrx_word' id='word_1_242' title='bbox 1362 4275 1468 4325; x_wconf 68' lang='lat' dir='ltr'>ansmtt</span> <span class='ocrx_word' id='word_1_243' title='bbox 1478 4270 1528 4325; x_wconf 79' lang='lat' dir='ltr'>alii</span> <span class='ocrx_word' id='word_1_244' title='bbox 1537 4271 1599 4324; x_wconf 87' lang='lat' dir='ltr'>dem</span> 
     </span>
     <span class='ocr_line' id='line_1_38' title="bbox 366 4340 1598 4427; baseline -0.002 -16"><span class='ocrx_word' id='word_1_245' title='bbox 366 4357 412 4412; x_wconf 77' lang='lat' dir='ltr'>lo.</span> <span class='ocrx_word' id='word_1_246' title='bbox 448 4356 563 4427; x_wconf 79' lang='lat' dir='ltr'>obsesso]</span> <span class='ocrx_word' id='word_1_247' title='bbox 581 4358 703 4412; x_wconf 80' lang='lat' dir='ltr'>niimlich</span> <span class='ocrx_word' id='word_1_248' title='bbox 721 4375 785 4411; x_wconf 86' lang='lat' dir='ltr'>vom</span> <span class='ocrx_word' id='word_1_249' title='bbox 803 4357 876 4412; x_wconf 87' lang='lat' dir='ltr'>Eise.</span> <span class='ocrx_word' id='word_1_250' title='bbox 978 4340 1026 4394; x_wconf 56' lang='lat'>⁸¹55</span> <span class='ocrx_word' id='word_1_251' title='bbox 1044 4341 1074 4394; x_wconf 71' lang='lat' dir='ltr'>in</span> <span class='ocrx_word' id='word_1_252' title='bbox 1121 4342 1190 4396; x_wconf 78' lang='lat'><strong>·57·</strong></span> <span class='ocrx_word' id='word_1_253' title='bbox 1207 4371 1242 4382; x_wconf 90' lang='grc'>··</span> <span class='ocrx_word' id='word_1_254' title='bbox 1262 4342 1354 4411; x_wconf 51' lang='lat' dir='ltr'>Mina]</span> <span class='ocrx_word' id='word_1_255' title='bbox 1378 4340 1514 4396; x_wconf 64' lang='lat' dir='ltr'>Vflfbi⁰d⁰</span> <span class='ocrx_word' id='word_1_256' title='bbox 1537 4344 1598 4410; x_wconf 63' lang='lat'>1³¹⁵·</span> 
     </span>
    </p>
   </div>
   <div class='ocr_carea' id='block_1_7' title="bbox 316 4410 1597 4636">
    <p class='ocr_par' dir='ltr' id='par_1_7' title="bbox 316 4410 1597 4636">
     <span class='ocr_line' id='line_1_39' title="bbox 367 4410 1277 4500; baseline 0 -20"><span class='ocrx_word' id='word_1_257' title='bbox 367 4425 413 4482; x_wconf 72' lang='lat' dir='ltr'>aa</span> <span class='ocrx_word' id='word_1_258' title='bbox 448 4428 588 4497; x_wconf 60' lang='lat' dir='ltr'>manae]</span> <span class='ocrx_word' id='word_1_259' title='bbox 609 4427 660 4481; x_wconf 72' lang='lat' dir='ltr'>aas</span> <span class='ocrx_word' id='word_1_260' title='bbox 677 4427 754 4482; x_wconf 67' lang='lat' dir='ltr'>mter</span> <span class='ocrx_word' id='word_1_261' title='bbox 777 4429 813 4481; x_wconf 70' lang='lat' dir='ltr'>aa</span> <span class='ocrx_word' id='word_1_262' title='bbox 830 4427 934 4500; x_wconf 74' lang='lat' dir='ltr'>green-</span> <span class='ocrx_word' id='word_1_263' title='bbox 979 4410 1089 4464; x_wconf 80' lang='lat' dir='ltr'>dikativ</span> <span class='ocrx_word' id='word_1_264' title='bbox 1106 4412 1158 4464; x_wconf 82' lang='lat' dir='ltr'>ma</span> <span class='ocrx_word' id='word_1_265' title='bbox 1176 4412 1277 4480; x_wconf 64' lang='lat' dir='ltr'>aptae.</span> 
     </span>
     <span class='ocr_line' id='line_1_40' title="bbox 316 4494 1597 4566; baseline -0.001 -17"><span class='ocrx_word' id='word_1_266' title='bbox 316 4513 374 4550; x_wconf 82' lang='lat' dir='ltr'>sam</span> <span class='ocrx_word' id='word_1_267' title='bbox 391 4512 427 4548; x_wconf 79' lang='lat' dir='ltr'>nu</span> <span class='ocrx_word' id='word_1_268' title='bbox 444 4494 521 4551; x_wconf 86' lang='lat' dir='ltr'>Stein</span> <span class='ocrx_word' id='word_1_269' title='bbox 539 4503 663 4551; x_wconf 85' lang='lat' dir='ltr'>erstarrt.</span> <span class='ocrx_word' id='word_1_270' title='bbox 1029 4496 1075 4553; x_wconf 74' lang='grc'>63.</span> <span class='ocrx_word' id='word_1_271' title='bbox 1111 4497 1237 4566; x_wconf 69' lang='lat' dir='ltr'>Maeotis]</span> <span class='ocrx_word' id='word_1_272' title='bbox 1260 4497 1311 4551; x_wconf 85' lang='lat' dir='ltr'>mit</span> <span class='ocrx_word' id='word_1_273' title='bbox 1328 4495 1522 4551; x_wconf 87' lang='lat' dir='ltr'>Widerhaken</span> <span class='ocrx_word' id='word_1_274' title='bbox 1539 4513 1597 4549; x_wconf 86' lang='lat' dir='ltr'>ver·</span> 
     </span>
     <span class='ocr_line' id='line_1_41' title="bbox 367 4565 1072 4636; baseline 0.001 -15"><span class='ocrx_word' id='word_1_275' title='bbox 367 4565 413 4621; x_wconf 76' lang='lat' dir='ltr'>ta.</span> <span class='ocrx_word' id='word_1_276' title='bbox 448 4566 626 4636; x_wconf 74' lang='lat' dir='ltr'>redundatas]</span> <span class='ocrx_word' id='word_1_277' title='bbox 647 4565 864 4622; x_wconf 81' lang='lat' dir='ltr'>dberstrdmend.</span> <span class='ocrx_word' id='word_1_278' title='bbox 978 4568 1072 4622; x_wconf 87' lang='lat' dir='ltr'>sehon.</span> 
     </span>
    </p>
   </div>
   <div class='ocr_carea' id='block_1_8' title="bbox 0 0 1874 5294">
    <p class='ocr_par' dir='ltr' id='par_1_8' title="bbox 0 0 1874 5294">
     <span class='ocr_line' id='line_1_42' title="bbox 0 0 1874 5294; baseline 0 0"><span class='ocrx_word' id='word_1_279' title='bbox 0 0 1874 5294; x_wconf 95' lang='lat' dir='ltr'> </span> 
     </span>
    </p>
   </div>
  </div>
 </body>
</html>
