<?xml version="1.0" encoding="UTF-8"?>
<!DOCTYPE html PUBLIC "-//W3C//DTD XHTML 1.0 Transitional//EN"
    "http://www.w3.org/TR/xhtml1/DTD/xhtml1-transitional.dtd">
<html xmlns="http://www.w3.org/1999/xhtml" xml:lang="en" lang="en">
 <head>
  <title>
</title>
<meta http-equiv="Content-Type" content="text/html;charset=utf-8" />
  <meta name='ocr-system' content='tesseract 3.04.00' />
  <meta name='ocr-capabilities' content='ocr_page ocr_carea ocr_par ocr_line ocrx_word'/>
</head>
<body>
  <div class='ocr_page' id='page_1' title='image "./fastitristiaepi00ovidgoog_0035.png"; bbox 0 0 3714 5298; ppageno 0'>
   <div class='ocr_carea' id='block_1_1' title="bbox 867 473 1057 556">
    <p class='ocr_par' dir='ltr' id='par_1_1' title="bbox 867 473 1057 556">
     <span class='ocr_line' id='line_1_1' title="bbox 867 473 1057 556; baseline 0.011 -2"><span class='ocrx_word' id='word_1_1' title='bbox 867 499 963 556; x_wconf 83' lang='lat' dir='ltr'><strong>Erster</strong></span> <span class='ocrx_word' id='word_1_2' title='bbox 977 473 1057 556; x_wconf 46' lang='lat' dir='ltr'><strong>&#39;Teii</strong></span> 
     </span>
    </p>
   </div>
   <div class='ocr_carea' id='block_1_2' title="bbox 395 662 1387 1808">
    <p class='ocr_par' dir='ltr' id='par_1_2' title="bbox 395 662 1387 1808">
     <span class='ocr_line' id='line_1_2' title="bbox 499 662 1231 748; baseline 0.004 -21"><span class='ocrx_word' id='word_1_3' title='bbox 499 662 618 745; x_wconf 77' lang='lat' dir='ltr'><strong>Currit,</strong></span> <span class='ocrx_word' id='word_1_4' title='bbox 640 666 679 728; x_wconf 91' lang='lat' dir='ltr'><strong>nt</strong></span> <span class='ocrx_word' id='word_1_5' title='bbox 702 664 823 728; x_wconf 89' lang='lat' dir='ltr'><strong>auditis</strong></span> <span class='ocrx_word' id='word_1_6' title='bbox 846 664 966 729; x_wconf 87' lang='lat' dir='ltr'><strong>territa</strong></span> <span class='ocrx_word' id='word_1_7' title='bbox 988 666 1116 730; x_wconf 91' lang='lat' dir='ltr'><strong>damma</strong></span> <span class='ocrx_word' id='word_1_8' title='bbox 1137 665 1231 748; x_wconf 89' lang='lat' dir='ltr'><strong>lupis.</strong></span> 
     </span>
     <span class='ocr_line' id='line_1_3' title="bbox 454 767 1348 852; baseline 0.003 -18"><span class='ocrx_word' id='word_1_9' title='bbox 454 767 611 852; x_wconf 80' lang='lat' dir='ltr'><strong>Corniger</strong></span> <span class='ocrx_word' id='word_1_10' title='bbox 632 770 717 834; x_wconf 87' lang='lat' dir='ltr'><strong>hanc</strong></span> <span class='ocrx_word' id='word_1_11' title='bbox 739 770 873 835; x_wconf 87' lang='lat' dir='ltr'><strong>tumidis</strong></span> <span class='ocrx_word' id='word_1_12' title='bbox 895 771 1042 850; x_wconf 81' lang='lat' dir='ltr'><strong>rapuisse</strong></span> <span class='ocrx_word' id='word_1_13' title='bbox 1064 771 1230 837; x_wconf 79' lang='lat' dir='ltr'><strong>Numicius</strong></span> <span class='ocrx_word' id='word_1_14' title='bbox 1253 771 1348 837; x_wconf 88' lang='lat' dir='ltr'><strong>undis</strong></span> 
     </span>
     <span class='ocr_line' id='line_1_4' title="bbox 499 874 1164 959; baseline 0.005 -19"><span class='ocrx_word' id='word_1_15' title='bbox 499 874 658 959; x_wconf 79' lang='lat' dir='ltr'><strong>Creditur,</strong></span> <span class='ocrx_word' id='word_1_16' title='bbox 683 879 716 940; x_wconf 90' lang='lat' dir='ltr'><strong>et</strong></span> <span class='ocrx_word' id='word_1_17' title='bbox 738 876 865 957; x_wconf 81' lang='lat' dir='ltr'><strong>stagnis</strong></span> <span class='ocrx_word' id='word_1_18' title='bbox 887 875 1066 943; x_wconf 87' lang='lat' dir='ltr'><strong>occuluisse</strong></span> <span class='ocrx_word' id='word_1_19' title='bbox 1089 877 1164 943; x_wconf 89' lang='lat' dir='ltr'><strong>suis.</strong></span> 
     </span>
     <span class='ocr_line' id='line_1_5' title="bbox 395 979 1233 1066; baseline 0.006 -22"><span class='ocrx_word' id='word_1_20' title='bbox 395 1003 436 1044; x_wconf 78' lang='lat' dir='ltr'><strong>nn</strong></span> <span class='ocrx_word' id='word_1_21' title='bbox 452 979 579 1046; x_wconf 86' lang='lat' dir='ltr'><strong>Sidonis</strong></span> <span class='ocrx_word' id='word_1_22' title='bbox 601 981 729 1047; x_wconf 89' lang='lat' dir='ltr'><strong>interca</strong></span> <span class='ocrx_word' id='word_1_23' title='bbox 750 999 869 1064; x_wconf 83' lang='lat' dir='ltr'><strong>magno</strong></span> <span class='ocrx_word' id='word_1_24' title='bbox 892 981 1031 1049; x_wconf 91' lang='lat' dir='ltr'><strong>clamore</strong></span> <span class='ocrx_word' id='word_1_25' title='bbox 1053 1001 1113 1064; x_wconf 88' lang='lat' dir='ltr'><strong>per</strong></span> <span class='ocrx_word' id='word_1_26' title='bbox 1135 1001 1233 1066; x_wconf 75' lang='lat' dir='ltr'><strong>agros</strong></span> 
     </span>
     <span class='ocr_line' id='line_1_6' title="bbox 499 1086 1321 1171; baseline 0.005 -21"><span class='ocrx_word' id='word_1_27' title='bbox 499 1086 688 1170; x_wconf 81' lang='lat' dir='ltr'><strong>Quaeritur:</strong></span> <span class='ocrx_word' id='word_1_28' title='bbox 712 1092 873 1169; x_wconf 78' lang='lat' dir='ltr'>apparent</span> <span class='ocrx_word' id='word_1_29' title='bbox 894 1089 990 1171; x_wconf 83' lang='lat' dir='ltr'><strong>signa</strong></span> <span class='ocrx_word' id='word_1_30' title='bbox 1011 1094 1174 1170; x_wconf 90' lang='lat' dir='ltr'><strong>notaeque</strong></span> <span class='ocrx_word' id='word_1_31' title='bbox 1196 1090 1321 1170; x_wconf 91' lang='lat' dir='ltr'><strong>pedum.</strong></span> 
     </span>
     <span class='ocr_line' id='line_1_7' title="bbox 455 1191 1313 1278; baseline 0.003 -21"><span class='ocrx_word' id='word_1_32' title='bbox 455 1191 597 1257; x_wconf 79' lang='lat' dir='ltr'><strong>Ventum</strong></span> <span class='ocrx_word' id='word_1_33' title='bbox 620 1197 693 1258; x_wconf 91' lang='lat' dir='ltr'><strong>erat</strong></span> <span class='ocrx_word' id='word_1_34' title='bbox 717 1195 759 1258; x_wconf 87' lang='lat' dir='ltr'><strong>ad</strong></span> <span class='ocrx_word' id='word_1_35' title='bbox 781 1194 882 1276; x_wconf 83' lang='lat' dir='ltr'><strong>ripas:</strong></span> <span class='ocrx_word' id='word_1_36' title='bbox 905 1194 1036 1261; x_wconf 90' lang='lat' dir='ltr'><strong>inerant</strong></span> <span class='ocrx_word' id='word_1_37' title='bbox 1058 1195 1202 1278; x_wconf 80' lang='lat' dir='ltr'><strong>vestigia</strong></span> <span class='ocrx_word' id='word_1_38' title='bbox 1224 1195 1313 1276; x_wconf 90' lang='lat' dir='ltr'><strong>ripis.</strong></span> 
     </span>
     <span class='ocr_line' id='line_1_8' title="bbox 499 1289 1239 1385; baseline 0.003 -21"><span class='ocrx_word' id='word_1_39' title='bbox 499 1296 663 1364; x_wconf 86' lang='lat' dir='ltr'><strong>Sustinuit</strong></span> <span class='ocrx_word' id='word_1_40' title='bbox 686 1289 807 1366; x_wconf 83' lang='lat' dir='ltr'><strong>tacitas</strong></span> <span class='ocrx_word' id='word_1_41' title='bbox 830 1301 978 1367; x_wconf 89' lang='lat' dir='ltr'><strong>conscius</strong></span> <span class='ocrx_word' id='word_1_42' title='bbox 1001 1301 1105 1366; x_wconf 88' lang='lat' dir='ltr'><strong>amnis</strong></span> <span class='ocrx_word' id='word_1_43' title='bbox 1128 1301 1239 1385; x_wconf 78' lang='lat' dir='ltr'><strong>aquas,</strong></span> 
     </span>
     <span class='ocr_line' id='line_1_9' title="bbox 455 1404 1387 1490; baseline 0.004 -22"><span class='ocrx_word' id='word_1_44' title='bbox 455 1404 533 1485; x_wconf 89' lang='lat' dir='ltr'><strong>Ipsa</strong></span> <span class='ocrx_word' id='word_1_45' title='bbox 554 1404 643 1486; x_wconf 93' lang='lat' dir='ltr'><strong>loqui</strong></span> <span class='ocrx_word' id='word_1_46' title='bbox 666 1405 739 1473; x_wconf 88' lang='lat' dir='ltr'><strong>visa</strong></span> <span class='ocrx_word' id='word_1_47' title='bbox 762 1411 813 1472; x_wconf 89' lang='lat' dir='ltr'><strong>est</strong></span> <span class='ocrx_word' id='word_1_48' title='bbox 836 1406 965 1488; x_wconf 86' lang='lat' dir='ltr'><strong>‘placidi</strong></span> <span class='ocrx_word' id='word_1_49' title='bbox 988 1426 1059 1473; x_wconf 91' lang='lat' dir='ltr'><strong>sum</strong></span> <span class='ocrx_word' id='word_1_50' title='bbox 1080 1408 1225 1490; x_wconf 86' lang='lat' dir='ltr'><strong>nympha</strong></span> <span class='ocrx_word' id='word_1_51' title='bbox 1246 1406 1387 1472; x_wconf 82' lang='lat' dir='ltr'><strong>Numici:</strong></span> 
     </span>
     <span class='ocr_line' id='line_1_10' title="bbox 397 1510 1327 1593; baseline 0.004 -19"><span class='ocrx_word' id='word_1_52' title='bbox 397 1535 439 1575; x_wconf 71' lang='lat' dir='ltr'><strong>rao</strong></span> <span class='ocrx_word' id='word_1_53' title='bbox 498 1510 603 1576; x_wconf 83' lang='lat' dir='ltr'><strong>Amne</strong></span> <span class='ocrx_word' id='word_1_54' title='bbox 625 1529 767 1593; x_wconf 87' lang='lat' dir='ltr'><strong>perenne</strong></span> <span class='ocrx_word' id='word_1_55' title='bbox 789 1513 897 1579; x_wconf 89' lang='lat' dir='ltr'><strong>latens</strong></span> <span class='ocrx_word' id='word_1_56' title='bbox 919 1515 1018 1579; x_wconf 82' lang='lat' dir='ltr'><strong>Anna</strong></span> <span class='ocrx_word' id='word_1_57' title='bbox 1040 1514 1190 1579; x_wconf 82' lang='lat' dir='ltr'><strong>Perenna</strong></span> <span class='ocrx_word' id='word_1_58' title='bbox 1211 1514 1327 1580; x_wconf 67' lang='lat' dir='ltr'><strong>vocor!</strong></span> 
     </span>
     <span class='ocr_line' id='line_1_11' title="bbox 455 1616 1236 1703; baseline 0.006 -23"><span class='ocrx_word' id='word_1_59' title='bbox 455 1616 612 1682; x_wconf 89' lang='lat' dir='ltr'><strong>Protinus</strong></span> <span class='ocrx_word' id='word_1_60' title='bbox 635 1619 754 1684; x_wconf 88' lang='lat' dir='ltr'><strong>erratis</strong></span> <span class='ocrx_word' id='word_1_61' title='bbox 776 1619 858 1684; x_wconf 87' lang='lat' dir='ltr'><strong>laeti</strong></span> <span class='ocrx_word' id='word_1_62' title='bbox 881 1624 1059 1688; x_wconf 73' lang='lat' dir='ltr'><strong>vescuntur</strong></span> <span class='ocrx_word' id='word_1_63' title='bbox 1080 1621 1115 1685; x_wconf 92' lang='lat' dir='ltr'><strong>in</strong></span> <span class='ocrx_word' id='word_1_64' title='bbox 1139 1621 1236 1703; x_wconf 82' lang='lat' dir='ltr'><strong>agris,</strong></span> 
     </span>
     <span class='ocr_line' id='line_1_12' title="bbox 501 1723 1301 1808; baseline 0.004 -21"><span class='ocrx_word' id='word_1_65' title='bbox 501 1723 548 1787; x_wconf 84' lang='lat' dir='ltr'><strong>Et</strong></span> <span class='ocrx_word' id='word_1_66' title='bbox 571 1723 739 1790; x_wconf 88' lang='lat' dir='ltr'><strong>celebrant</strong></span> <span class='ocrx_word' id='word_1_67' title='bbox 761 1725 854 1808; x_wconf 82' lang='lat' dir='ltr'><strong>largo</strong></span> <span class='ocrx_word' id='word_1_68' title='bbox 877 1744 1010 1807; x_wconf 91' lang='lat' dir='ltr'><strong>remque</strong></span> <span class='ocrx_word' id='word_1_69' title='bbox 1034 1727 1182 1808; x_wconf 88' lang='lat' dir='ltr'><strong>diemque</strong></span> <span class='ocrx_word' id='word_1_70' title='bbox 1204 1744 1301 1792; x_wconf 92' lang='lat' dir='ltr'><strong>mero.</strong></span> 
     </span>
    </p>
   </div>
   <div class='ocr_carea' id='block_1_3' title="bbox 686 1951 1152 2040">
    <p class='ocr_par' dir='ltr' id='par_1_3' title="bbox 686 1951 1152 2040">
     <span class='ocr_line' id='line_1_13' title="bbox 686 1951 1152 2040; baseline -0.002 -21"><span class='ocrx_word' id='word_1_71' title='bbox 686 1975 688 1982; x_wconf 55' lang='lat'>&gt;</span> <span class='ocrx_word' id='word_1_72' title='bbox 785 1951 880 2020; x_wconf 79' lang='lat' dir='ltr'><strong>una</strong></span> <span class='ocrx_word' id='word_1_73' title='bbox 905 1952 1152 2040; x_wconf 61' lang='lat' dir='ltr'><strong>(icoo-cao).</strong></span> 
     </span>
    </p>
   </div>
   <div class='ocr_carea' id='block_1_4' title="bbox 325 2104 1613 2290">
    <p class='ocr_par' dir='ltr' id='par_1_4' title="bbox 325 2104 1613 2290">
     <span class='ocr_line' id='line_1_14' title="bbox 325 2104 1613 2192; baseline 0 -21"><span class='ocrx_word' id='word_1_74' title='bbox 325 2104 614 2192; x_wconf 79' lang='lat' dir='ltr'><strong>llinwandornng</strong></span> <span class='ocrx_word' id='word_1_75' title='bbox 644 2107 705 2175; x_wconf 82' lang='lat' dir='ltr'><strong>dos</strong></span> <span class='ocrx_word' id='word_1_76' title='bbox 734 2108 901 2190; x_wconf 79' lang='lat' dir='ltr'><strong>Euander</strong></span> <span class='ocrx_word' id='word_1_77' title='bbox 929 2111 1003 2176; x_wconf 88' lang='lat' dir='ltr'><strong>und</strong></span> <span class='ocrx_word' id='word_1_78' title='bbox 1037 2110 1159 2176; x_wconf 85' lang='lat' dir='ltr'><strong>selnor</strong></span> <span class='ocrx_word' id='word_1_79' title='bbox 1189 2109 1325 2176; x_wconf 84' lang='lat' dir='ltr'><strong>liutter</strong></span> <span class='ocrx_word' id='word_1_80' title='bbox 1354 2106 1544 2176; x_wconf 75' lang='lat' dir='ltr'><strong>Carmenta</strong></span> <span class='ocrx_word' id='word_1_81' title='bbox 1573 2106 1613 2171; x_wconf 90' lang='lat' dir='ltr'><strong>in</strong></span> 
     </span>
     <span class='ocr_line' id='line_1_15' title="bbox 459 2217 1479 2290; baseline -0.001 -6"><span class='ocrx_word' id='word_1_82' title='bbox 459 2219 616 2288; x_wconf 83' lang='lat' dir='ltr'><strong>Latium.</strong></span> <span class='ocrx_word' id='word_1_83' title='bbox 660 2220 732 2288; x_wconf 84' lang='lat' dir='ltr'><strong>llas</strong></span> <span class='ocrx_word' id='word_1_84' title='bbox 754 2219 962 2288; x_wconf 79' lang='lat' dir='ltr'><strong>Abantauer</strong></span> <span class='ocrx_word' id='word_1_85' title='bbox 984 2220 1046 2288; x_wconf 88' lang='lat' dir='ltr'><strong>des</strong></span> <span class='ocrx_word' id='word_1_86' title='bbox 1068 2220 1244 2288; x_wconf 86' lang='lat' dir='ltr'><strong>Hercules</strong></span> <span class='ocrx_word' id='word_1_87' title='bbox 1266 2219 1337 2288; x_wconf 88' lang='lat' dir='ltr'><strong>mlt</strong></span> <span class='ocrx_word' id='word_1_88' title='bbox 1358 2217 1479 2290; x_wconf 73' lang='lat' dir='ltr'><strong>casus.</strong></span> 
     </span>
    </p>
   </div>
   <div class='ocr_carea' id='block_1_5' title="bbox 331 2369 1619 4478">
    <p class='ocr_par' dir='ltr' id='par_1_5' title="bbox 331 2369 1619 4478">
     <span class='ocr_line' id='line_1_16' title="bbox 459 2369 1312 2457; baseline 0 -17"><span class='ocrx_word' id='word_1_89' title='bbox 459 2373 542 2440; x_wconf 89' lang='lat' dir='ltr'><strong>Orta</strong></span> <span class='ocrx_word' id='word_1_90' title='bbox 563 2369 653 2457; x_wconf 87' lang='lat' dir='ltr'><strong>prior</strong></span> <span class='ocrx_word' id='word_1_91' title='bbox 674 2375 754 2442; x_wconf 88' lang='lat' dir='ltr'><strong>luna</strong></span> <span class='ocrx_word' id='word_1_92' title='bbox 775 2415 820 2424; x_wconf 93' lang='lat'><strong>—</strong></span> <span class='ocrx_word' id='word_1_93' title='bbox 843 2379 883 2444; x_wconf 95' lang='lat' dir='ltr'><strong>de</strong></span> <span class='ocrx_word' id='word_1_94' title='bbox 905 2395 941 2444; x_wconf 87' lang='lat' dir='ltr'><strong>se</strong></span> <span class='ocrx_word' id='word_1_95' title='bbox 964 2377 993 2443; x_wconf 87' lang='lat' dir='ltr'><strong>si</strong></span> <span class='ocrx_word' id='word_1_96' title='bbox 1016 2378 1161 2443; x_wconf 87' lang='lat' dir='ltr'><strong>creditur</strong></span> <span class='ocrx_word' id='word_1_97' title='bbox 1182 2377 1246 2457; x_wconf 90' lang='lat' dir='ltr'><strong>ipsi</strong></span> <span class='ocrx_word' id='word_1_98' title='bbox 1269 2413 1312 2422; x_wconf 93' lang='lat'>—</span> 
     </span>
     <span class='ocr_line' id='line_1_17' title="bbox 505 2483 1219 2564; baseline 0 -18"><span class='ocrx_word' id='word_1_99' title='bbox 505 2483 534 2546; x_wconf 88' lang='lat' dir='ltr'><strong>A</strong></span> <span class='ocrx_word' id='word_1_100' title='bbox 556 2500 673 2564; x_wconf 81' lang='lat' dir='ltr'><strong>magno</strong></span> <span class='ocrx_word' id='word_1_101' title='bbox 697 2483 796 2550; x_wconf 87' lang='lat' dir='ltr'><strong>tellus</strong></span> <span class='ocrx_word' id='word_1_102' title='bbox 819 2483 949 2550; x_wconf 79' lang='lat' dir='ltr'><strong>Arcade</strong></span> <span class='ocrx_word' id='word_1_103' title='bbox 970 2502 1087 2550; x_wconf 89' lang='lat' dir='ltr'><strong>nomen</strong></span> <span class='ocrx_word' id='word_1_104' title='bbox 1109 2483 1219 2548; x_wconf 89' lang='lat' dir='ltr'><strong>habet.</strong></span> 
     </span>
     <span class='ocr_line' id='line_1_18' title="bbox 459 2585 1395 2674; baseline 0 -22"><span class='ocrx_word' id='word_1_105' title='bbox 459 2587 523 2652; x_wconf 93' lang='lat' dir='ltr'><strong>Hic</strong></span> <span class='ocrx_word' id='word_1_106' title='bbox 546 2587 611 2654; x_wconf 84' lang='lat' dir='ltr'><strong>fuit</strong></span> <span class='ocrx_word' id='word_1_107' title='bbox 633 2590 798 2674; x_wconf 81' lang='lat' dir='ltr'><strong>Evander,</strong></span> <span class='ocrx_word' id='word_1_108' title='bbox 821 2591 877 2670; x_wconf 94' lang='lat' dir='ltr'><strong>qui</strong></span> <span class='ocrx_word' id='word_1_109' title='bbox 900 2585 1095 2672; x_wconf 87' lang='lat' dir='ltr'><strong>quamquam</strong></span> <span class='ocrx_word' id='word_1_110' title='bbox 1118 2589 1225 2655; x_wconf 86' lang='lat' dir='ltr'><strong>clarus</strong></span> <span class='ocrx_word' id='word_1_111' title='bbox 1247 2593 1395 2668; x_wconf 82' lang='lat' dir='ltr'><strong>utroque,</strong></span> 
     </span>
     <span class='ocr_line' id='line_1_19' title="bbox 504 2694 1212 2780; baseline 0 -21"><span class='ocrx_word' id='word_1_112' title='bbox 504 2694 652 2761; x_wconf 89' lang='lat' dir='ltr'><strong>Nobilior</strong></span> <span class='ocrx_word' id='word_1_113' title='bbox 674 2715 787 2762; x_wconf 87' lang='lat' dir='ltr'><strong>sacrae</strong></span> <span class='ocrx_word' id='word_1_114' title='bbox 810 2697 969 2780; x_wconf 86' lang='lat' dir='ltr'><strong>sanguine</strong></span> <span class='ocrx_word' id='word_1_115' title='bbox 991 2697 1107 2762; x_wconf 87' lang='lat' dir='ltr'><strong>matris</strong></span> <span class='ocrx_word' id='word_1_116' title='bbox 1131 2699 1212 2762; x_wconf 90' lang='lat' dir='ltr'><strong>erat.</strong></span> 
     </span>
     <span class='ocr_line' id='line_1_20' title="bbox 431 2800 1326 2884; baseline -0.002 -18"><span class='ocrx_word' id='word_1_117' title='bbox 431 2800 551 2884; x_wconf 74' lang='lat' dir='ltr'><strong>rQuae</strong></span> <span class='ocrx_word' id='word_1_118' title='bbox 574 2802 669 2867; x_wconf 92' lang='lat' dir='ltr'><strong>simul</strong></span> <span class='ocrx_word' id='word_1_119' title='bbox 692 2803 855 2869; x_wconf 86' lang='lat' dir='ltr'><strong>aetherios</strong></span> <span class='ocrx_word' id='word_1_120' title='bbox 878 2804 984 2868; x_wconf 90' lang='lat' dir='ltr'><strong>animo</strong></span> <span class='ocrx_word' id='word_1_121' title='bbox 1009 2805 1201 2883; x_wconf 90' lang='lat' dir='ltr'><strong>conceperat</strong></span> <span class='ocrx_word' id='word_1_122' title='bbox 1224 2802 1326 2883; x_wconf 81' lang='lat' dir='ltr'><strong>ignes,</strong></span> 
     </span>
     <span class='ocr_line' id='line_1_21' title="bbox 505 2907 1166 2989; baseline -0.002 -17"><span class='ocrx_word' id='word_1_123' title='bbox 505 2907 568 2972; x_wconf 90' lang='lat' dir='ltr'><strong>Ore</strong></span> <span class='ocrx_word' id='word_1_124' title='bbox 592 2908 693 2973; x_wconf 90' lang='lat' dir='ltr'><strong>dabat</strong></span> <span class='ocrx_word' id='word_1_125' title='bbox 715 2909 811 2989; x_wconf 93' lang='lat' dir='ltr'><strong>pleno</strong></span> <span class='ocrx_word' id='word_1_126' title='bbox 835 2909 980 2974; x_wconf 88' lang='lat' dir='ltr'><strong>carmina</strong></span> <span class='ocrx_word' id='word_1_127' title='bbox 1003 2926 1083 2973; x_wconf 88' lang='lat' dir='ltr'><strong>vcra</strong></span> <span class='ocrx_word' id='word_1_128' title='bbox 1105 2907 1166 2972; x_wconf 90' lang='lat' dir='ltr'><strong>dei.</strong></span> 
     </span>
     <span class='ocr_line' id='line_1_22' title="bbox 459 3012 1241 3094; baseline -0.003 -16"><span class='ocrx_word' id='word_1_129' title='bbox 459 3013 599 3078; x_wconf 83' lang='lat' dir='ltr'><strong>Dixerat</strong></span> <span class='ocrx_word' id='word_1_130' title='bbox 621 3014 704 3079; x_wconf 91' lang='lat' dir='ltr'><strong>haec</strong></span> <span class='ocrx_word' id='word_1_131' title='bbox 725 3018 803 3079; x_wconf 88' lang='lat' dir='ltr'><strong>nato</strong></span> <span class='ocrx_word' id='word_1_132' title='bbox 826 3018 934 3080; x_wconf 89' lang='lat' dir='ltr'><strong>motus</strong></span> <span class='ocrx_word' id='word_1_133' title='bbox 956 3014 1082 3078; x_wconf 88' lang='lat' dir='ltr'><strong>instare</strong></span> <span class='ocrx_word' id='word_1_134' title='bbox 1105 3012 1241 3094; x_wconf 87' lang='lat' dir='ltr'><strong>sibique,</strong></span> 
     </span>
     <span class='ocr_line' id='line_1_23' title="bbox 504 3117 1299 3201; baseline -0.003 -17"><span class='ocrx_word' id='word_1_135' title='bbox 504 3119 675 3200; x_wconf 89' lang='lat' dir='ltr'><strong>Multaque</strong></span> <span class='ocrx_word' id='word_1_136' title='bbox 697 3124 882 3201; x_wconf 81' lang='lat' dir='ltr'><strong>praeterea3</strong></span> <span class='ocrx_word' id='word_1_137' title='bbox 905 3125 1052 3200; x_wconf 88' lang='lat' dir='ltr'><strong>tempore</strong></span> <span class='ocrx_word' id='word_1_138' title='bbox 1075 3123 1174 3184; x_wconf 88' lang='lat' dir='ltr'><strong>nacta</strong></span> <span class='ocrx_word' id='word_1_139' title='bbox 1195 3117 1299 3183; x_wconf 90' lang='lat' dir='ltr'><strong>fidem.</strong></span> 
     </span>
     <span class='ocr_line' id='line_1_24' title="bbox 460 3223 1336 3307; baseline -0.003 -17"><span class='ocrx_word' id='word_1_140' title='bbox 460 3225 543 3290; x_wconf 89' lang='lat' dir='ltr'><strong>Nam</strong></span> <span class='ocrx_word' id='word_1_141' title='bbox 565 3226 694 3292; x_wconf 86' lang='lat' dir='ltr'><strong>iuvenis</strong></span> <span class='ocrx_word' id='word_1_142' title='bbox 716 3225 851 3291; x_wconf 87' lang='lat' dir='ltr'><strong>nimium</strong></span> <span class='ocrx_word' id='word_1_143' title='bbox 874 3245 954 3293; x_wconf 87' lang='lat' dir='ltr'><strong>vera</strong></span> <span class='ocrx_word' id='word_1_144' title='bbox 977 3244 1048 3291; x_wconf 91' lang='lat' dir='ltr'><strong>cum</strong></span> <span class='ocrx_word' id='word_1_145' title='bbox 1072 3229 1178 3291; x_wconf 88' lang='lat' dir='ltr'><strong>matre</strong></span> <span class='ocrx_word' id='word_1_146' title='bbox 1200 3223 1336 3307; x_wconf 84' lang='lat' dir='ltr'><strong>fugatus</strong></span> 
     </span>
     <span class='ocr_line' id='line_1_25' title="bbox 419 3331 1264 3411; baseline -0.001 -15"><span class='ocrx_word' id='word_1_147' title='bbox 419 3356 445 3396; x_wconf 87' lang='grc' dir='ltr'><strong>ιο</strong></span> <span class='ocrx_word' id='word_1_148' title='bbox 504 3331 637 3397; x_wconf 88' lang='lat' dir='ltr'><strong>Deserit</strong></span> <span class='ocrx_word' id='word_1_149' title='bbox 658 3333 835 3398; x_wconf 88' lang='lat' dir='ltr'><strong>Arcadiam</strong></span> <span class='ocrx_word' id='word_1_150' title='bbox 856 3332 1132 3411; x_wconf 87' lang='lat' dir='ltr'><strong>Parrhasiumque</strong></span> <span class='ocrx_word' id='word_1_151' title='bbox 1154 3331 1264 3396; x_wconf 91' lang='lat' dir='ltr'><strong>larem.</strong></span> 
     </span>
     <span class='ocr_line' id='line_1_26' title="bbox 462 3437 1351 3521; baseline -0.003 -18"><span class='ocrx_word' id='word_1_152' title='bbox 462 3437 520 3503; x_wconf 83' lang='lat' dir='ltr'><strong>Oui</strong></span> <span class='ocrx_word' id='word_1_153' title='bbox 543 3439 695 3521; x_wconf 84' lang='lat' dir='ltr'><strong>genetrix</strong></span> <span class='ocrx_word' id='word_1_154' title='bbox 717 3439 811 3505; x_wconf 88' lang='lat' dir='ltr'><strong>flenti</strong></span> <span class='ocrx_word' id='word_1_155' title='bbox 834 3437 978 3504; x_wconf 85' lang='lat' dir='ltr'><strong>‘fortuna</strong></span> <span class='ocrx_word' id='word_1_156' title='bbox 1000 3437 1151 3505; x_wconf 83' lang='lat' dir='ltr'><strong>viriliter’</strong></span> <span class='ocrx_word' id='word_1_157' title='bbox 1174 3437 1283 3518; x_wconf 91' lang='lat' dir='ltr'><strong>inquit</strong></span> <span class='ocrx_word' id='word_1_158' title='bbox 1305 3472 1351 3482; x_wconf 96' lang='lat'>-</span> 
     </span>
     <span class='ocr_line' id='line_1_27' title="bbox 505 3541 1426 3629; baseline -0.005 -20"><span class='ocrx_word' id='word_1_159' title='bbox 505 3543 611 3627; x_wconf 80' lang='lat' dir='ltr'><strong>‘Siste</strong></span> <span class='ocrx_word' id='word_1_160' title='bbox 633 3563 756 3629; x_wconf 87' lang='lat' dir='ltr'><strong>precor,</strong></span> <span class='ocrx_word' id='word_1_161' title='bbox 779 3546 943 3611; x_wconf 85' lang='lat' dir='ltr'><strong>lacrimas!</strong></span> <span class='ocrx_word' id='word_1_162' title='bbox 967 3581 1011 3591; x_wconf 93' lang='lat'>-</span> <span class='ocrx_word' id='word_1_163' title='bbox 1033 3545 1100 3608; x_wconf 89' lang='lat' dir='ltr'><strong>ista</strong></span> <span class='ocrx_word' id='word_1_164' title='bbox 1122 3543 1259 3608; x_wconf 84' lang='lat' dir='ltr'><strong>ferenda</strong></span> <span class='ocrx_word' id='word_1_165' title='bbox 1281 3541 1344 3607; x_wconf 91' lang='lat' dir='ltr'><strong>tibi</strong></span> <span class='ocrx_word' id='word_1_166' title='bbox 1367 3543 1426 3605; x_wconf 89' lang='lat' dir='ltr'><strong>est.</strong></span> 
     </span>
     <span class='ocr_line' id='line_1_28' title="bbox 461 3647 1288 3731; baseline -0.004 -16"><span class='ocrx_word' id='word_1_167' title='bbox 461 3647 516 3715; x_wconf 85' lang='lat' dir='ltr'><strong>Sic</strong></span> <span class='ocrx_word' id='word_1_168' title='bbox 539 3655 612 3715; x_wconf 91' lang='lat' dir='ltr'><strong>erat</strong></span> <span class='ocrx_word' id='word_1_169' title='bbox 634 3652 669 3717; x_wconf 93' lang='lat' dir='ltr'><strong>in</strong></span> <span class='ocrx_word' id='word_1_170' title='bbox 692 3650 784 3717; x_wconf 85' lang='lat' dir='ltr'><strong>fatis:</strong></span> <span class='ocrx_word' id='word_1_171' title='bbox 807 3671 867 3718; x_wconf 91' lang='lat' dir='ltr'><strong>nec</strong></span> <span class='ocrx_word' id='word_1_172' title='bbox 889 3657 925 3718; x_wconf 92' lang='lat' dir='ltr'><strong>te</strong></span> <span class='ocrx_word' id='word_1_173' title='bbox 947 3656 1007 3716; x_wconf 89' lang='lat' dir='ltr'><strong>tua</strong></span> <span class='ocrx_word' id='word_1_174' title='bbox 1029 3650 1126 3730; x_wconf 91' lang='lat' dir='ltr'><strong>culpa</strong></span> <span class='ocrx_word' id='word_1_175' title='bbox 1148 3648 1288 3731; x_wconf 83' lang='lat' dir='ltr'><strong>fugavit,</strong></span> 
     </span>
     <span class='ocr_line' id='line_1_29' title="bbox 507 3755 1221 3840; baseline -0.003 -18"><span class='ocrx_word' id='word_1_176' title='bbox 507 3755 571 3822; x_wconf 87' lang='lat' dir='ltr'><strong>Sed</strong></span> <span class='ocrx_word' id='word_1_177' title='bbox 595 3758 685 3824; x_wconf 89' lang='lat' dir='ltr'><strong>deus:</strong></span> <span class='ocrx_word' id='word_1_178' title='bbox 710 3757 832 3824; x_wconf 80' lang='lat' dir='ltr'><strong>offenso</strong></span> <span class='ocrx_word' id='word_1_179' title='bbox 855 3759 967 3840; x_wconf 89' lang='lat' dir='ltr'><strong>pulsus</strong></span> <span class='ocrx_word' id='word_1_180' title='bbox 991 3774 1026 3822; x_wconf 86' lang='lat' dir='ltr'><strong>es</strong></span> <span class='ocrx_word' id='word_1_181' title='bbox 1048 3755 1130 3821; x_wconf 89' lang='lat' dir='ltr'><strong>urbe</strong></span> <span class='ocrx_word' id='word_1_182' title='bbox 1153 3756 1221 3821; x_wconf 93' lang='lat' dir='ltr'><strong>deo.</strong></span> 
     </span>
     <span class='ocr_line' id='line_1_30' title="bbox 419 3859 1340 3947; baseline -0.007 -18"><span class='ocrx_word' id='word_1_183' title='bbox 419 3889 446 3929; x_wconf 62' lang='grc' dir='ltr'><strong>ιε</strong></span> <span class='ocrx_word' id='word_1_184' title='bbox 462 3863 534 3929; x_wconf 92' lang='lat' dir='ltr'><strong>Non</strong></span> <span class='ocrx_word' id='word_1_185' title='bbox 556 3865 666 3929; x_wconf 91' lang='lat' dir='ltr'><strong>meriti</strong></span> <span class='ocrx_word' id='word_1_186' title='bbox 689 3883 825 3946; x_wconf 90' lang='lat' dir='ltr'><strong>poenam</strong></span> <span class='ocrx_word' id='word_1_187' title='bbox 848 3865 981 3947; x_wconf 84' lang='lat' dir='ltr'><strong>pateris,</strong></span> <span class='ocrx_word' id='word_1_188' title='bbox 1004 3863 1062 3928; x_wconf 88' lang='lat' dir='ltr'><strong>scd</strong></span> <span class='ocrx_word' id='word_1_189' title='bbox 1084 3861 1226 3927; x_wconf 88' lang='lat' dir='ltr'><strong>numinis</strong></span> <span class='ocrx_word' id='word_1_190' title='bbox 1249 3859 1340 3924; x_wconf 86' lang='lat' dir='ltr'><strong>iram.</strong></span> 
     </span>
     <span class='ocr_line' id='line_1_31' title="bbox 508 3966 1275 4052; baseline -0.003 -19"><span class='ocrx_word' id='word_1_191' title='bbox 508 3970 571 4034; x_wconf 84' lang='lat' dir='ltr'><strong>Est</strong></span> <span class='ocrx_word' id='word_1_192' title='bbox 594 3970 718 4051; x_wconf 89' lang='lat' dir='ltr'><strong>aliquid</strong></span> <span class='ocrx_word' id='word_1_193' title='bbox 741 3970 868 4052; x_wconf 80' lang='lat' dir='ltr'><strong>magnis</strong></span> <span class='ocrx_word' id='word_1_194' title='bbox 892 3970 1013 4035; x_wconf 90' lang='lat' dir='ltr'><strong>crimen</strong></span> <span class='ocrx_word' id='word_1_195' title='bbox 1036 3969 1149 4034; x_wconf 87' lang='lat' dir='ltr'><strong>abesse</strong></span> <span class='ocrx_word' id='word_1_196' title='bbox 1171 3966 1275 4032; x_wconf 91' lang='lat' dir='ltr'><strong>malis.</strong></span> 
     </span>
     <span class='ocr_line' id='line_1_32' title="bbox 464 4069 1426 4166; baseline -0.006 -26"><span class='ocrx_word' id='word_1_197' title='bbox 464 4075 599 4166; x_wconf 77' lang='lat' dir='ltr'><strong>Conscia</strong></span> <span class='ocrx_word' id='word_1_198' title='bbox 621 4094 711 4143; x_wconf 89' lang='lat' dir='ltr'><strong>mens</strong></span> <span class='ocrx_word' id='word_1_199' title='bbox 733 4080 771 4142; x_wconf 92' lang='lat' dir='ltr'><strong>ut</strong></span> <span class='ocrx_word' id='word_1_200' title='bbox 794 4075 911 4158; x_wconf 89' lang='lat' dir='ltr'><strong>cuique</strong></span> <span class='ocrx_word' id='word_1_201' title='bbox 933 4092 993 4140; x_wconf 89' lang='lat' dir='ltr'><strong>sna</strong></span> <span class='ocrx_word' id='word_1_202' title='bbox 1016 4078 1075 4157; x_wconf 89' lang='lat' dir='ltr'><strong>est,</strong></span> <span class='ocrx_word' id='word_1_203' title='bbox 1098 4074 1148 4139; x_wconf 89' lang='lat' dir='ltr'><strong>ita</strong></span> <span class='ocrx_word' id='word_1_204' title='bbox 1171 4071 1313 4153; x_wconf 89' lang='lat' dir='ltr'><strong>concipit</strong></span> <span class='ocrx_word' id='word_1_205' title='bbox 1335 4069 1426 4137; x_wconf 89' lang='lat' dir='ltr'><strong>intra</strong></span> 
     </span>
     <span class='ocr_line' id='line_1_33' title="bbox 507 4182 1316 4264; baseline -0.006 -17"><span class='ocrx_word' id='word_1_206' title='bbox 507 4183 649 4249; x_wconf 84' lang='lat' dir='ltr'><strong>Pectora</strong></span> <span class='ocrx_word' id='word_1_207' title='bbox 670 4201 729 4264; x_wconf 93' lang='lat' dir='ltr'><strong>pro</strong></span> <span class='ocrx_word' id='word_1_208' title='bbox 752 4182 842 4248; x_wconf 87' lang='lat' dir='ltr'><strong>iacto</strong></span> <span class='ocrx_word' id='word_1_209' title='bbox 865 4198 1019 4263; x_wconf 88' lang='lat' dir='ltr'><strong>spemque</strong></span> <span class='ocrx_word' id='word_1_210' title='bbox 1041 4184 1227 4262; x_wconf 89' lang='lat' dir='ltr'><strong>metumque</strong></span> <span class='ocrx_word' id='word_1_211' title='bbox 1249 4195 1316 4243; x_wconf 90' lang='lat' dir='ltr'><strong>suo.</strong></span> 
     </span>
     <span class='ocr_line' id='line_1_34' title="bbox 353 4325 1619 4406; baseline -0.01 -14"><span class='ocrx_word' id='word_1_212' title='bbox 353 4369 358 4379; x_wconf 91' lang='lat'><em>·</em></span> <span class='ocrx_word' id='word_1_213' title='bbox 401 4336 455 4393; x_wconf 86' lang='lat' dir='ltr'><strong>No.</strong></span> <span class='ocrx_word' id='word_1_214' title='bbox 474 4337 502 4392; x_wconf 82' lang='lat'><strong>8.</strong></span> <span class='ocrx_word' id='word_1_215' title='bbox 538 4339 565 4395; x_wconf 91' lang='lat'><strong>1.</strong></span> <span class='ocrx_word' id='word_1_216' title='bbox 601 4338 655 4391; x_wconf 86' lang='lat' dir='ltr'><strong>Die</strong></span> <span class='ocrx_word' id='word_1_217' title='bbox 673 4337 803 4394; x_wconf 82' lang='lat' dir='ltr'><strong>Arkader</strong></span> <span class='ocrx_word' id='word_1_218' title='bbox 839 4337 954 4392; x_wconf 82' lang='lat' dir='ltr'><strong>laubten</strong></span> <span class='ocrx_word' id='word_1_219' title='bbox 1068 4335 1097 4390; x_wconf 78' lang='lat' dir='ltr'><strong>t.</strong></span> <span class='ocrx_word' id='word_1_220' title='bbox 1115 4331 1202 4406; x_wconf 72' lang='lat' dir='ltr'><strong>simul]</strong></span> <span class='ocrx_word' id='word_1_221' title='bbox 1220 4357 1257 4378; x_wconf 95' lang='lat'><strong><em>=</em></strong></span> <span class='ocrx_word' id='word_1_222' title='bbox 1279 4331 1457 4400; x_wconf 83' lang='lat' dir='ltr'><strong>simulatque.</strong></span> <span class='ocrx_word' id='word_1_223' title='bbox 1479 4355 1513 4365; x_wconf 79' lang='grc'>-</span> <span class='ocrx_word' id='word_1_224' title='bbox 1531 4325 1619 4396; x_wconf 55' lang='lat' dir='ltr'><strong>macc]</strong></span> 
     </span>
     <span class='ocr_line' id='line_1_35' title="bbox 331 4355 1451 4478; baseline -0.009 -17"><span class='ocrx_word' id='word_1_225' title='bbox 331 4403 497 4476; x_wconf 74' lang='grc' dir='ltr'><strong><em>προσέληνοι</em></strong></span> <span class='ocrx_word' id='word_1_226' title='bbox 514 4425 549 4460; x_wconf 80' lang='lat' dir='ltr'><strong>uu</strong></span> <span class='ocrx_word' id='word_1_227' title='bbox 567 4409 634 4462; x_wconf 82' lang='lat' dir='ltr'><strong>seim.</strong></span> <span class='ocrx_word' id='word_1_228' title='bbox 651 4438 687 4448; x_wconf 90' lang='lat'>—</span> <span class='ocrx_word' id='word_1_229' title='bbox 704 4409 770 4478; x_wconf 76' lang='lat' dir='ltr'><strong>ipsa]</strong></span> <span class='ocrx_word' id='word_1_230' title='bbox 788 4355 890 4462; x_wconf 59' lang='lat' dir='ltr'><strong>tellum.</strong></span> <span class='ocrx_word' id='word_1_231' title='bbox 999 4405 1048 4459; x_wconf 79' lang='lat' dir='ltr'><strong>das</strong></span> <span class='ocrx_word' id='word_1_232' title='bbox 1067 4405 1158 4458; x_wconf 86' lang='lat' dir='ltr'><strong>Fener</strong></span> <span class='ocrx_word' id='word_1_233' title='bbox 1176 4403 1225 4456; x_wconf 88' lang='lat' dir='ltr'><strong>der</strong></span> <span class='ocrx_word' id='word_1_234' title='bbox 1242 4401 1451 4474; x_wconf 81' lang='lat' dir='ltr'><strong>Begeisterung.</strong></span> 
     </span>
    </p>
   </div>
   <div class='ocr_carea' id='block_1_6' title="bbox 373 4469 1391 4560">
    <p class='ocr_par' dir='ltr' id='par_1_6' title="bbox 373 4469 1391 4560">
     <span class='ocr_line' id='line_1_36' title="bbox 373 4469 1391 4560; baseline -0.01 -28"><span class='ocrx_word' id='word_1_235' title='bbox 373 4479 430 4560; x_wconf 46' lang='grc'><strong>,3.</strong></span> <span class='ocrx_word' id='word_1_236' title='bbox 465 4475 589 4551; x_wconf 78' lang='lat' dir='ltr'><strong>utroque]</strong></span> <span class='ocrx_word' id='word_1_237' title='bbox 624 4479 777 4549; x_wconf 81' lang='lat' dir='ltr'><strong>sanguina,</strong></span> <span class='ocrx_word' id='word_1_238' title='bbox 812 4477 859 4531; x_wconf 83' lang='lat' dir='ltr'><strong>fur</strong></span> <span class='ocrx_word' id='word_1_239' title='bbox 894 4493 955 4530; x_wconf 84' lang='lat' dir='ltr'><strong>san·</strong></span> <span class='ocrx_word' id='word_1_240' title='bbox 1069 4476 1097 4530; x_wconf 77' lang='lat' dir='ltr'><strong>t.</strong></span> <span class='ocrx_word' id='word_1_241' title='bbox 1132 4473 1228 4542; x_wconf 79' lang='lat' dir='ltr'><strong>nwtas]</strong></span> <span class='ocrx_word' id='word_1_242' title='bbox 1246 4469 1391 4526; x_wconf 85' lang='lat' dir='ltr'><strong>Unrnhen.</strong></span> 
     </span>
    </p>
   </div>
   <div class='ocr_carea' id='block_1_7' title="bbox 331 4541 1514 4687">
    <p class='ocr_par' dir='ltr' id='par_1_7' title="bbox 331 4541 1514 4687">
     <span class='ocr_line' id='line_1_37' title="bbox 331 4541 1441 4669; baseline -0.01 -67"><span class='ocrx_word' id='word_1_243' title='bbox 331 4564 417 4669; x_wconf 57' lang='lat' dir='ltr'><strong>firm</strong></span> <span class='ocrx_word' id='word_1_244' title='bbox 442 4547 587 4617; x_wconf 81' lang='lat' dir='ltr'><strong>utriusque</strong></span> <span class='ocrx_word' id='word_1_245' title='bbox 616 4547 675 4617; x_wconf 85' lang='lat' dir='ltr'><strong>(des</strong></span> <span class='ocrx_word' id='word_1_246' title='bbox 698 4547 799 4602; x_wconf 84' lang='lat' dir='ltr'><strong>Vaters</strong></span> <span class='ocrx_word' id='word_1_247' title='bbox 825 4547 884 4600; x_wconf 91' lang='lat' dir='ltr'><strong>und</strong></span> <span class='ocrx_word' id='word_1_248' title='bbox 907 4547 956 4600; x_wconf 90' lang='lat' dir='ltr'><strong>der</strong></span> <span class='ocrx_word' id='word_1_249' title='bbox 1068 4544 1097 4600; x_wconf 83' lang='lat' dir='ltr'><strong>u.</strong></span> <span class='ocrx_word' id='word_1_250' title='bbox 1133 4541 1255 4611; x_wconf 69' lang='lat' dir='ltr'><strong>nimium]</strong></span> <span class='ocrx_word' id='word_1_251' title='bbox 1273 4558 1308 4594; x_wconf 81' lang='lat' dir='ltr'><strong>zu</strong></span> <span class='ocrx_word' id='word_1_252' title='bbox 1325 4555 1398 4593; x_wconf 84' lang='lat' dir='ltr'><strong>vera.</strong></span> <span class='ocrx_word' id='word_1_253' title='bbox 1435 4606 1441 4620; x_wconf 33' lang='grc'>1</span> 
     </span>
     <span class='ocr_line' id='line_1_38' title="bbox 365 4607 1514 4687; baseline -0.01 -17"><span class='ocrx_word' id='word_1_254' title='bbox 365 4617 459 4687; x_wconf 84' lang='lat' dir='ltr'><strong>utter).</strong></span> <span class='ocrx_word' id='word_1_255' title='bbox 1052 4615 1098 4670; x_wconf 77' lang='lat'><strong>1⁷.</strong></span> <span class='ocrx_word' id='word_1_256' title='bbox 1135 4613 1245 4668; x_wconf 69' lang='lat' dir='ltr'><strong>cosmato</strong></span> <span class='ocrx_word' id='word_1_257' title='bbox 1261 4607 1345 4682; x_wconf 78' lang='lat' dir='ltr'><strong>meac]</strong></span> <span class='ocrx_word' id='word_1_258' title='bbox 1364 4607 1514 4662; x_wconf 77' lang='lat' dir='ltr'><strong>Gewmscn.</strong></span> 
     </span>
    </p>
   </div>
   <div class='ocr_carea' id='block_1_8' title="bbox 0 0 1862 5298">
    <p class='ocr_par' dir='ltr' id='par_1_8' title="bbox 0 0 1862 5298">
     <span class='ocr_line' id='line_1_39' title="bbox 0 0 1862 5298; baseline 0 0"><span class='ocrx_word' id='word_1_259' title='bbox 0 0 1862 5298; x_wconf 95' lang='lat' dir='ltr'><strong> </strong></span> 
     </span>
    </p>
   </div>
  </div>
 </body>
</html>
