<?xml version="1.0" encoding="UTF-8"?>
<!DOCTYPE html PUBLIC "-//W3C//DTD XHTML 1.0 Transitional//EN"
    "http://www.w3.org/TR/xhtml1/DTD/xhtml1-transitional.dtd">
<html xmlns="http://www.w3.org/1999/xhtml" xml:lang="en" lang="en">
 <head>
  <title>
</title>
<meta http-equiv="Content-Type" content="text/html;charset=utf-8" />
  <meta name='ocr-system' content='tesseract 3.04.00' />
  <meta name='ocr-capabilities' content='ocr_page ocr_carea ocr_par ocr_line ocrx_word'/>
</head>
<body>
  <div class='ocr_page' id='page_1' title='image "./fastitristiaepi00ovidgoog_0151.png"; bbox 0 0 3716 5292; ppageno 0'>
   <div class='ocr_carea' id='block_1_1' title="bbox 312 453 1058 520">
    <p class='ocr_par' dir='ltr' id='par_1_1' title="bbox 312 453 1058 520">
     <span class='ocr_line' id='line_1_1' title="bbox 312 453 1058 520; baseline -0.003 0"><span class='ocrx_word' id='word_1_1' title='bbox 312 453 375 520; x_wconf 86' lang='lat'>138</span> <span class='ocrx_word' id='word_1_2' title='bbox 846 463 965 519; x_wconf 81' lang='lat' dir='ltr'>zweiter</span> <span class='ocrx_word' id='word_1_3' title='bbox 986 464 1058 519; x_wconf 79' lang='lat' dir='ltr'>reu.</span> 
     </span>
    </p>
   </div>
   <div class='ocr_carea' id='block_1_2' title="bbox 322 627 1403 3579">
    <p class='ocr_par' dir='ltr' id='par_1_2' title="bbox 322 627 1403 3579">
     <span class='ocr_line' id='line_1_2' title="bbox 444 627 1336 708; baseline -0.001 -12"><span class='ocrx_word' id='word_1_4' title='bbox 444 627 635 696; x_wconf 84' lang='lat' dir='ltr'>“Alteruter</span> <span class='ocrx_word' id='word_1_5' title='bbox 656 628 795 694; x_wconf 88' lang='lat' dir='ltr'>nostris’&#39;</span> <span class='ocrx_word' id='word_1_6' title='bbox 818 627 927 708; x_wconf 88' lang='lat' dir='ltr'>inquit</span> <span class='ocrx_word' id='word_1_7' title='bbox 950 629 1067 695; x_wconf 82' lang='lat' dir='ltr'>“cadat</span> <span class='ocrx_word' id='word_1_8' title='bbox 1089 628 1199 696; x_wconf 89' lang='lat' dir='ltr'>hostia</span> <span class='ocrx_word' id='word_1_9' title='bbox 1221 629 1336 695; x_wconf 88' lang='lat' dir='ltr'>sacris:</span> 
     </span>
     <span class='ocr_line' id='line_1_3' title="bbox 488 733 1180 817; baseline -0.001 -16"><span class='ocrx_word' id='word_1_10' title='bbox 488 735 541 802; x_wconf 86' lang='lat' dir='ltr'>Ad</span> <span class='ocrx_word' id='word_1_11' title='bbox 563 735 690 817; x_wconf 88' lang='lat' dir='ltr'>patrias</span> <span class='ocrx_word' id='word_1_12' title='bbox 713 737 805 801; x_wconf 85' lang='lat' dir='ltr'>sedes</span> <span class='ocrx_word' id='word_1_13' title='bbox 828 733 963 800; x_wconf 89' lang='lat' dir='ltr'>nuntius</span> <span class='ocrx_word' id='word_1_14' title='bbox 989 734 1076 802; x_wconf 88' lang='lat' dir='ltr'>alter</span> <span class='ocrx_word' id='word_1_15' title='bbox 1098 735 1180 801; x_wconf 88' lang='lat' dir='ltr'>eat.”</span> 
     </span>
     <span class='ocr_line' id='line_1_4' title="bbox 400 840 1273 924; baseline -0.001 -17"><span class='ocrx_word' id='word_1_16' title='bbox 400 867 426 907; x_wconf 77' lang='lat' dir='ltr'>as</span> <span class='ocrx_word' id='word_1_17' title='bbox 442 841 498 906; x_wconf 90' lang='lat' dir='ltr'>Ire</span> <span class='ocrx_word' id='word_1_18' title='bbox 519 841 612 910; x_wconf 86' lang='lat' dir='ltr'>iubet</span> <span class='ocrx_word' id='word_1_19' title='bbox 634 840 777 924; x_wconf 80' lang='lat' dir='ltr'>Pylades</span> <span class='ocrx_word' id='word_1_20' title='bbox 800 858 910 905; x_wconf 83' lang='lat' dir='ltr'>carrum</span> <span class='ocrx_word' id='word_1_21' title='bbox 933 842 1099 922; x_wconf 88' lang='lat' dir='ltr'>periturus</span> <span class='ocrx_word' id='word_1_22' title='bbox 1121 840 1273 907; x_wconf 75' lang='lat' dir='ltr'><strong>Oresten:</strong></span> 
     </span>
     <span class='ocr_line' id='line_1_5' title="bbox 488 946 1348 1030; baseline 0 -18"><span class='ocrx_word' id='word_1_23' title='bbox 488 947 552 1012; x_wconf 86' lang='lat' dir='ltr'>Hic</span> <span class='ocrx_word' id='word_1_24' title='bbox 574 950 689 1030; x_wconf 85' lang='lat' dir='ltr'>negat:</span> <span class='ocrx_word' id='word_1_25' title='bbox 713 946 811 1028; x_wconf 89' lang='lat' dir='ltr'>inque</span> <span class='ocrx_word' id='word_1_26' title='bbox 833 947 923 1014; x_wconf 82' lang='lat' dir='ltr'>vices</span> <span class='ocrx_word' id='word_1_27' title='bbox 946 949 1074 1030; x_wconf 81' lang='lat' dir='ltr'>pugnat</span> <span class='ocrx_word' id='word_1_28' title='bbox 1096 953 1235 1029; x_wconf 88' lang='lat' dir='ltr'>uterque</span> <span class='ocrx_word' id='word_1_29' title='bbox 1257 948 1348 1013; x_wconf 90' lang='lat' dir='ltr'>mori.</span> 
     </span>
     <span class='ocr_line' id='line_1_6' title="bbox 443 1053 1273 1136; baseline 0.004 -18"><span class='ocrx_word' id='word_1_30' title='bbox 443 1053 571 1119; x_wconf 83' lang='lat' dir='ltr'>Extitit</span> <span class='ocrx_word' id='word_1_31' title='bbox 592 1054 654 1119; x_wconf 91' lang='lat' dir='ltr'>hoc</span> <span class='ocrx_word' id='word_1_32' title='bbox 676 1071 784 1136; x_wconf 91' lang='lat' dir='ltr'>unum,</span> <span class='ocrx_word' id='word_1_33' title='bbox 808 1072 871 1134; x_wconf 90' lang='lat' dir='ltr'>quo</span> <span class='ocrx_word' id='word_1_34' title='bbox 894 1072 960 1120; x_wconf 94' lang='lat' dir='ltr'>non</span> <span class='ocrx_word' id='word_1_35' title='bbox 982 1055 1173 1121; x_wconf 85' lang='lat' dir='ltr'>convenerit</span> <span class='ocrx_word' id='word_1_36' title='bbox 1195 1053 1273 1121; x_wconf 91' lang='lat' dir='ltr'>illis:</span> 
     </span>
     <span class='ocr_line' id='line_1_7' title="bbox 489 1159 1176 1241; baseline 0 -15"><span class='ocrx_word' id='word_1_37' title='bbox 489 1160 607 1226; x_wconf 80' lang='lat' dir='ltr'>Cetera</span> <span class='ocrx_word' id='word_1_38' title='bbox 629 1178 691 1241; x_wconf 90' lang='lat' dir='ltr'>par</span> <span class='ocrx_word' id='word_1_39' title='bbox 714 1177 846 1225; x_wconf 80' lang='lat' dir='ltr'>concors</span> <span class='ocrx_word' id='word_1_40' title='bbox 870 1164 904 1226; x_wconf 88' lang='lat' dir='ltr'>et</span> <span class='ocrx_word' id='word_1_41' title='bbox 927 1159 1080 1226; x_wconf 82' lang='lat' dir='ltr'>sinclita</span> <span class='ocrx_word' id='word_1_42' title='bbox 1102 1159 1176 1226; x_wconf 84' lang='lat' dir='ltr'>fuit.</span> 
     </span>
     <span class='ocr_line' id='line_1_8' title="bbox 443 1265 1363 1348; baseline 0.002 -18"><span class='ocrx_word' id='word_1_43' title='bbox 443 1266 530 1330; x_wconf 91' lang='lat' dir='ltr'>Dum</span> <span class='ocrx_word' id='word_1_44' title='bbox 552 1269 715 1348; x_wconf 84' lang='lat' dir='ltr'>peragunt</span> <span class='ocrx_word' id='word_1_45' title='bbox 736 1266 872 1332; x_wconf 85' lang='lat' dir='ltr'>iuvenes</span> <span class='ocrx_word' id='word_1_46' title='bbox 895 1265 1023 1347; x_wconf 81' lang='lat' dir='ltr'>pulchri</span> <span class='ocrx_word' id='word_1_47' title='bbox 1046 1270 1212 1332; x_wconf 90' lang='lat' dir='ltr'>certamen</span> <span class='ocrx_word' id='word_1_48' title='bbox 1235 1267 1363 1348; x_wconf 79' lang='lat' dir='ltr'>amorio,</span> 
     </span>
     <span class='ocr_line' id='line_1_9' title="bbox 399 1371 1213 1453; baseline -0.001 -15"><span class='ocrx_word' id='word_1_49' title='bbox 399 1399 426 1438; x_wconf 79' lang='lat' dir='ltr'>oo</span> <span class='ocrx_word' id='word_1_50' title='bbox 487 1373 540 1437; x_wconf 84' lang='lat' dir='ltr'>Ad</span> <span class='ocrx_word' id='word_1_51' title='bbox 562 1371 700 1437; x_wconf 84' lang='lat' dir='ltr'>fratrem</span> <span class='ocrx_word' id='word_1_52' title='bbox 723 1371 865 1453; x_wconf 90' lang='lat' dir='ltr'>scriptas</span> <span class='ocrx_word' id='word_1_53' title='bbox 888 1377 1006 1438; x_wconf 86' lang='lat' dir='ltr'>exarat</span> <span class='ocrx_word' id='word_1_54' title='bbox 1028 1373 1088 1437; x_wconf 90' lang='lat' dir='ltr'>illa</span> <span class='ocrx_word' id='word_1_55' title='bbox 1109 1377 1213 1439; x_wconf 89' lang='lat' dir='ltr'>notas.</span> 
     </span>
     <span class='ocr_line' id='line_1_10' title="bbox 444 1477 1394 1562; baseline 0 -19"><span class='ocrx_word' id='word_1_56' title='bbox 444 1478 497 1543; x_wconf 83' lang='lat' dir='ltr'>Ad</span> <span class='ocrx_word' id='word_1_57' title='bbox 519 1477 658 1544; x_wconf 81' lang='lat' dir='ltr'>fratrom</span> <span class='ocrx_word' id='word_1_58' title='bbox 680 1480 837 1544; x_wconf 87' lang='lat' dir='ltr'>mandata</span> <span class='ocrx_word' id='word_1_59' title='bbox 859 1478 975 1545; x_wconf 86' lang='lat' dir='ltr'>dabat:</span> <span class='ocrx_word' id='word_1_60' title='bbox 1001 1479 1117 1559; x_wconf 85' lang='lat' dir='ltr'>cuique</span> <span class='ocrx_word' id='word_1_61' title='bbox 1139 1478 1198 1543; x_wconf 91' lang='lat' dir='ltr'>illa</span> <span class='ocrx_word' id='word_1_62' title='bbox 1221 1479 1394 1562; x_wconf 79' lang='lat' dir='ltr'>dabantur,</span> 
     </span>
     <span class='ocr_line' id='line_1_11' title="bbox 488 1584 1156 1665; baseline 0 -16"><span class='ocrx_word' id='word_1_63' title='bbox 488 1584 655 1650; x_wconf 82' lang='lat' dir='ltr'>Humanas</span> <span class='ocrx_word' id='word_1_64' title='bbox 679 1602 773 1650; x_wconf 86' lang='lat' dir='ltr'>casus</span> <span class='ocrx_word' id='word_1_65' title='bbox 797 1585 922 1665; x_wconf 87' lang='lat' dir='ltr'>aspiccl</span> <span class='ocrx_word' id='word_1_66' title='bbox 945 1584 1052 1651; x_wconf 83' lang='lat' dir='ltr'>irater</span> <span class='ocrx_word' id='word_1_67' title='bbox 1074 1589 1156 1650; x_wconf 76' lang='lat' dir='ltr'>erat,</span> 
     </span>
     <span class='ocr_line' id='line_1_12' title="bbox 443 1690 1354 1775; baseline 0 -19"><span class='ocrx_word' id='word_1_68' title='bbox 443 1691 511 1756; x_wconf 90' lang='lat' dir='ltr'>Nec</span> <span class='ocrx_word' id='word_1_69' title='bbox 533 1708 632 1775; x_wconf 89' lang='lat' dir='ltr'>mora,</span> <span class='ocrx_word' id='word_1_70' title='bbox 656 1692 697 1756; x_wconf 84' lang='lat' dir='ltr'>dc</span> <span class='ocrx_word' id='word_1_71' title='bbox 719 1690 841 1771; x_wconf 90' lang='lat' dir='ltr'>templo</span> <span class='ocrx_word' id='word_1_72' title='bbox 865 1691 999 1772; x_wconf 90' lang='lat' dir='ltr'>rapiunt</span> <span class='ocrx_word' id='word_1_73' title='bbox 1022 1691 1196 1758; x_wconf 87' lang='lat' dir='ltr'>simulacra</span> <span class='ocrx_word' id='word_1_74' title='bbox 1218 1691 1354 1774; x_wconf 87' lang='lat' dir='ltr'>Dianae,</span> 
     </span>
     <span class='ocr_line' id='line_1_13' title="bbox 489 1796 1350 1880; baseline 0.001 -18"><span class='ocrx_word' id='word_1_75' title='bbox 489 1796 643 1878; x_wconf 84' lang='lat' dir='ltr'>Olamqnc</span> <span class='ocrx_word' id='word_1_76' title='bbox 665 1815 725 1879; x_wconf 90' lang='lat' dir='ltr'>per</span> <span class='ocrx_word' id='word_1_77' title='bbox 746 1797 910 1863; x_wconf 90' lang='lat' dir='ltr'>inmensas</span> <span class='ocrx_word' id='word_1_78' title='bbox 933 1817 1042 1880; x_wconf 89' lang='lat' dir='ltr'>puppe</span> <span class='ocrx_word' id='word_1_79' title='bbox 1064 1797 1217 1864; x_wconf 81' lang='lat' dir='ltr'>feruntur</span> <span class='ocrx_word' id='word_1_80' title='bbox 1239 1816 1350 1878; x_wconf 89' lang='lat' dir='ltr'>aquas.</span> 
     </span>
     <span class='ocr_line' id='line_1_14' title="bbox 399 1902 1334 1995; baseline 0 -27"><span class='ocrx_word' id='word_1_81' title='bbox 399 1929 425 1968; x_wconf 75' lang='lat' dir='ltr'>cs</span> <span class='ocrx_word' id='word_1_82' title='bbox 442 1902 545 1969; x_wconf 88' lang='lat' dir='ltr'>Mirus</span> <span class='ocrx_word' id='word_1_83' title='bbox 569 1922 660 1969; x_wconf 91' lang='lat' dir='ltr'>amor</span> <span class='ocrx_word' id='word_1_84' title='bbox 680 1903 843 1987; x_wconf 87' lang='lat' dir='ltr'>iuvenum,</span> <span class='ocrx_word' id='word_1_85' title='bbox 867 1903 1016 1984; x_wconf 78' lang='lat' dir='ltr'>quamuis</span> <span class='ocrx_word' id='word_1_86' title='bbox 1039 1905 1155 1995; x_wconf 79' lang='lat' dir='ltr'>abiere</span> <span class='ocrx_word' id='word_1_87' title='bbox 1173 1909 1225 1971; x_wconf 90' lang='lat' dir='ltr'>tot</span> <span class='ocrx_word' id='word_1_88' title='bbox 1248 1905 1334 1986; x_wconf 92' lang='lat' dir='ltr'>anni,</span> 
     </span>
     <span class='ocr_line' id='line_1_15' title="bbox 488 2009 1392 2091; baseline 0.003 -18"><span class='ocrx_word' id='word_1_89' title='bbox 488 2009 528 2074; x_wconf 95' lang='lat' dir='ltr'>In</span> <span class='ocrx_word' id='word_1_90' title='bbox 551 2009 688 2091; x_wconf 81' lang='lat' dir='ltr'>Scythia</span> <span class='ocrx_word' id='word_1_91' title='bbox 710 2011 863 2091; x_wconf 86' lang='lat' dir='ltr'>magnum</span> <span class='ocrx_word' id='word_1_92' title='bbox 885 2028 972 2075; x_wconf 88' lang='lat' dir='ltr'>nuno</span> <span class='ocrx_word' id='word_1_93' title='bbox 994 2029 1121 2091; x_wconf 90' lang='lat' dir='ltr'>quoqne</span> <span class='ocrx_word' id='word_1_94' title='bbox 1144 2029 1259 2076; x_wconf 91' lang='lat' dir='ltr'>nomen</span> <span class='ocrx_word' id='word_1_95' title='bbox 1281 2012 1392 2077; x_wconf 89' lang='lat' dir='ltr'>habet.</span> 
     </span>
     <span class='ocr_line' id='line_1_16' title="bbox 443 2115 1326 2198; baseline 0.002 -18"><span class='ocrx_word' id='word_1_96' title='bbox 443 2115 572 2180; x_wconf 82' lang='lat' dir='ltr'>Fabula</span> <span class='ocrx_word' id='word_1_97' title='bbox 594 2120 731 2180; x_wconf 88' lang='lat' dir='ltr'>narrata</span> <span class='ocrx_word' id='word_1_98' title='bbox 754 2119 806 2180; x_wconf 86' lang='lat' dir='ltr'>est</span> <span class='ocrx_word' id='word_1_99' title='bbox 828 2119 1001 2197; x_wconf 85' lang='lat' dir='ltr'>postquam</span> <span class='ocrx_word' id='word_1_100' title='bbox 1024 2116 1172 2198; x_wconf 79' lang='lat' dir='ltr'>vulgaris</span> <span class='ocrx_word' id='word_1_101' title='bbox 1195 2117 1237 2183; x_wconf 93' lang='lat' dir='ltr'>ab</span> <span class='ocrx_word' id='word_1_102' title='bbox 1260 2116 1326 2198; x_wconf 92' lang='lat' dir='ltr'>illo,</span> 
     </span>
     <span class='ocr_line' id='line_1_17' title="bbox 487 2221 1228 2303; baseline -0.001 -16"><span class='ocrx_word' id='word_1_103' title='bbox 487 2221 682 2287; x_wconf 85' lang='lat' dir='ltr'>Laudarunt</span> <span class='ocrx_word' id='word_1_104' title='bbox 705 2223 814 2286; x_wconf 87' lang='lat' dir='ltr'>omnes</span> <span class='ocrx_word' id='word_1_105' title='bbox 836 2221 928 2287; x_wconf 85' lang='lat' dir='ltr'>iacta</span> <span class='ocrx_word' id='word_1_106' title='bbox 949 2223 1101 2303; x_wconf 84' lang='lat' dir='ltr'>piamque</span> <span class='ocrx_word' id='word_1_107' title='bbox 1123 2221 1228 2287; x_wconf 86' lang='lat' dir='ltr'>fidem.</span> 
     </span>
     <span class='ocr_line' id='line_1_18' title="bbox 443 2327 1318 2412; baseline -0.001 -18"><span class='ocrx_word' id='word_1_108' title='bbox 443 2328 577 2394; x_wconf 79' lang='lat' dir='ltr'>Scilicet</span> <span class='ocrx_word' id='word_1_109' title='bbox 598 2328 661 2393; x_wconf 89' lang='lat' dir='ltr'>hac</span> <span class='ocrx_word' id='word_1_110' title='bbox 684 2327 793 2411; x_wconf 89' lang='lat' dir='ltr'>etiam,</span> <span class='ocrx_word' id='word_1_111' title='bbox 817 2347 882 2408; x_wconf 90' lang='lat' dir='ltr'>qua</span> <span class='ocrx_word' id='word_1_112' title='bbox 903 2327 995 2393; x_wconf 89' lang='lat' dir='ltr'>nulla</span> <span class='ocrx_word' id='word_1_113' title='bbox 1016 2327 1156 2394; x_wconf 85' lang='lat' dir='ltr'>ferocior</span> <span class='ocrx_word' id='word_1_114' title='bbox 1179 2345 1237 2393; x_wconf 90' lang='lat' dir='ltr'>ora</span> <span class='ocrx_word' id='word_1_115' title='bbox 1260 2333 1318 2412; x_wconf 87' lang='lat' dir='ltr'>est,</span> 
     </span>
     <span class='ocr_line' id='line_1_19' title="bbox 386 2433 1227 2501; baseline 0.001 -3"><span class='ocrx_word' id='word_1_116' title='bbox 386 2459 427 2498; x_wconf 88' lang='lat'>100</span> <span class='ocrx_word' id='word_1_117' title='bbox 486 2434 610 2500; x_wconf 85' lang='lat' dir='ltr'>Nomen</span> <span class='ocrx_word' id='word_1_118' title='bbox 633 2433 799 2500; x_wconf 87' lang='lat' dir='ltr'>amicitiae</span> <span class='ocrx_word' id='word_1_119' title='bbox 821 2434 965 2501; x_wconf 91' lang='lat' dir='ltr'>barbara</span> <span class='ocrx_word' id='word_1_120' title='bbox 988 2436 1086 2500; x_wconf 84' lang='lat' dir='ltr'>corda</span> <span class='ocrx_word' id='word_1_121' title='bbox 1108 2439 1227 2501; x_wconf 86' lang='lat' dir='ltr'>movet.</span> 
     </span>
     <span class='ocr_line' id='line_1_20' title="bbox 443 2539 1285 2625; baseline 0 -19"><span class='ocrx_word' id='word_1_122' title='bbox 443 2539 529 2624; x_wconf 80' lang='lat' dir='ltr'>Quid</span> <span class='ocrx_word' id='word_1_123' title='bbox 551 2539 661 2606; x_wconf 88' lang='lat' dir='ltr'>iacere</span> <span class='ocrx_word' id='word_1_124' title='bbox 683 2541 829 2606; x_wconf 84' lang='lat' dir='ltr'>Ausonia</span> <span class='ocrx_word' id='word_1_125' title='bbox 851 2542 957 2624; x_wconf 83' lang='lat' dir='ltr'>geniti</span> <span class='ocrx_word' id='word_1_126' title='bbox 980 2541 1106 2608; x_wconf 87' lang='lat' dir='ltr'>debetis</span> <span class='ocrx_word' id='word_1_127' title='bbox 1128 2541 1164 2607; x_wconf 91' lang='lat' dir='ltr'>in</span> <span class='ocrx_word' id='word_1_128' title='bbox 1186 2541 1285 2625; x_wconf 89' lang='lat' dir='ltr'>Urbe,</span> 
     </span>
     <span class='ocr_line' id='line_1_21' title="bbox 487 2646 1211 2729; baseline 0 -16"><span class='ocrx_word' id='word_1_129' title='bbox 487 2646 566 2713; x_wconf 79' lang='lat' dir='ltr'>Cum</span> <span class='ocrx_word' id='word_1_130' title='bbox 589 2652 732 2729; x_wconf 83' lang='lat' dir='ltr'>tangant</span> <span class='ocrx_word' id='word_1_131' title='bbox 754 2647 842 2714; x_wconf 85' lang='lat' dir='ltr'>diros</span> <span class='ocrx_word' id='word_1_132' title='bbox 865 2648 949 2714; x_wconf 84' lang='lat' dir='ltr'>talia</span> <span class='ocrx_word' id='word_1_133' title='bbox 972 2646 1064 2713; x_wconf 85' lang='lat' dir='ltr'>iacta</span> <span class='ocrx_word' id='word_1_134' title='bbox 1086 2646 1211 2714; x_wconf 78' lang='lat' dir='ltr'>Getas?</span> 
     </span>
     <span class='ocr_line' id='line_1_22' title="bbox 441 2753 1403 2838; baseline 0.001 -19"><span class='ocrx_word' id='word_1_135' title='bbox 441 2754 544 2836; x_wconf 84' lang='lat' dir='ltr'>Adde,</span> <span class='ocrx_word' id='word_1_136' title='bbox 563 2753 654 2835; x_wconf 69' lang='lat' dir='ltr'>&#39;quod</span> <span class='ocrx_word' id='word_1_137' title='bbox 677 2757 728 2818; x_wconf 89' lang='lat' dir='ltr'>est</span> <span class='ocrx_word' id='word_1_138' title='bbox 751 2754 877 2820; x_wconf 89' lang='lat' dir='ltr'>animus</span> <span class='ocrx_word' id='word_1_139' title='bbox 900 2773 1026 2835; x_wconf 86' lang='lat' dir='ltr'>semper</span> <span class='ocrx_word' id='word_1_140' title='bbox 1048 2753 1112 2820; x_wconf 90' lang='lat' dir='ltr'>tibi</span> <span class='ocrx_word' id='word_1_141' title='bbox 1134 2754 1233 2838; x_wconf 88' lang='lat' dir='ltr'>mitis,</span> <span class='ocrx_word' id='word_1_142' title='bbox 1257 2758 1291 2818; x_wconf 91' lang='lat' dir='ltr'>et</span> <span class='ocrx_word' id='word_1_143' title='bbox 1314 2754 1403 2820; x_wconf 91' lang='lat' dir='ltr'>altae</span> 
     </span>
     <span class='ocr_line' id='line_1_23' title="bbox 486 2859 1137 2942; baseline -0.002 -17"><span class='ocrx_word' id='word_1_144' title='bbox 486 2859 647 2925; x_wconf 86' lang='lat' dir='ltr'>Indicium</span> <span class='ocrx_word' id='word_1_145' title='bbox 669 2877 775 2926; x_wconf 87' lang='lat' dir='ltr'>mores</span> <span class='ocrx_word' id='word_1_146' title='bbox 797 2859 981 2926; x_wconf 86' lang='lat' dir='ltr'>nobilitatis</span> <span class='ocrx_word' id='word_1_147' title='bbox 1004 2860 1137 2942; x_wconf 89' lang='lat' dir='ltr'>habent,</span> 
     </span>
     <span class='ocr_line' id='line_1_24' title="bbox 384 2965 1319 3049; baseline -0.001 -18"><span class='ocrx_word' id='word_1_148' title='bbox 384 2991 426 3031; x_wconf 72' lang='lat' dir='ltr'>roa</span> <span class='ocrx_word' id='word_1_149' title='bbox 442 2965 530 3049; x_wconf 82' lang='lat' dir='ltr'>Quos</span> <span class='ocrx_word' id='word_1_150' title='bbox 552 2966 689 3032; x_wconf 85' lang='lat' dir='ltr'>Volesus</span> <span class='ocrx_word' id='word_1_151' title='bbox 711 2966 814 3047; x_wconf 90' lang='lat' dir='ltr'>patrii</span> <span class='ocrx_word' id='word_1_152' title='bbox 837 2970 1012 3049; x_wconf 81' lang='lat' dir='ltr'>cognoscat</span> <span class='ocrx_word' id='word_1_153' title='bbox 1034 2965 1182 3032; x_wconf 62' lang='lat' dir='ltr'>nominis„</span> <span class='ocrx_word' id='word_1_154' title='bbox 1196 2969 1319 3048; x_wconf 87' lang='lat' dir='ltr'>auctor,</span> 
     </span>
     <span class='ocr_line' id='line_1_25' title="bbox 486 3070 1298 3155; baseline 0 -17"><span class='ocrx_word' id='word_1_155' title='bbox 486 3070 574 3154; x_wconf 82' lang='lat' dir='ltr'>Quos</span> <span class='ocrx_word' id='word_1_156' title='bbox 596 3071 702 3137; x_wconf 89' lang='lat' dir='ltr'>Numa</span> <span class='ocrx_word' id='word_1_157' title='bbox 724 3076 891 3138; x_wconf 89' lang='lat' dir='ltr'>maternus</span> <span class='ocrx_word' id='word_1_158' title='bbox 913 3089 978 3137; x_wconf 92' lang='lat' dir='ltr'>non</span> <span class='ocrx_word' id='word_1_159' title='bbox 999 3076 1100 3155; x_wconf 82' lang='lat' dir='ltr'>nogat</span> <span class='ocrx_word' id='word_1_160' title='bbox 1122 3089 1193 3138; x_wconf 85' lang='lat' dir='ltr'>esse</span> <span class='ocrx_word' id='word_1_161' title='bbox 1215 3090 1298 3155; x_wconf 89' lang='lat' dir='ltr'>suos,</span> 
     </span>
     <span class='ocr_line' id='line_1_26' title="bbox 441 3177 1350 3262; baseline -0.001 -17"><span class='ocrx_word' id='word_1_162' title='bbox 441 3178 639 3259; x_wconf 80' lang='lat' dir='ltr'>Adiectique</span> <span class='ocrx_word' id='word_1_163' title='bbox 661 3177 801 3259; x_wconf 90' lang='lat' dir='ltr'>probent</span> <span class='ocrx_word' id='word_1_164' title='bbox 824 3178 980 3260; x_wconf 83' lang='lat' dir='ltr'>genetiva</span> <span class='ocrx_word' id='word_1_165' title='bbox 1003 3180 1048 3244; x_wconf 85' lang='lat' dir='ltr'>ad</span> <span class='ocrx_word' id='word_1_166' title='bbox 1069 3179 1202 3244; x_wconf 89' lang='lat' dir='ltr'>nomina</span> <span class='ocrx_word' id='word_1_167' title='bbox 1225 3178 1350 3262; x_wconf 83' lang='lat' dir='ltr'>Cottae,</span> 
     </span>
     <span class='ocr_line' id='line_1_27' title="bbox 487 3283 1134 3368; baseline -0.002 -16"><span class='ocrx_word' id='word_1_168' title='bbox 487 3284 523 3352; x_wconf 84' lang='lat' dir='ltr'>Si</span> <span class='ocrx_word' id='word_1_169' title='bbox 546 3289 584 3349; x_wconf 90' lang='lat' dir='ltr'>tu</span> <span class='ocrx_word' id='word_1_170' title='bbox 606 3303 670 3350; x_wconf 92' lang='lat' dir='ltr'>non</span> <span class='ocrx_word' id='word_1_171' title='bbox 693 3301 789 3368; x_wconf 83' lang='lat' dir='ltr'>esses,</span> <span class='ocrx_word' id='word_1_172' title='bbox 811 3283 991 3350; x_wconf 89' lang='lat' dir='ltr'>interitura</span> <span class='ocrx_word' id='word_1_173' title='bbox 1013 3287 1134 3351; x_wconf 84' lang='lat' dir='ltr'>domus.</span> 
     </span>
     <span class='ocr_line' id='line_1_28' title="bbox 441 3389 1281 3474; baseline 0 -17"><span class='ocrx_word' id='word_1_174' title='bbox 441 3390 557 3474; x_wconf 81' lang='lat' dir='ltr'>Digne</span> <span class='ocrx_word' id='word_1_175' title='bbox 572 3390 626 3458; x_wconf 88' lang='lat' dir='ltr'>vir</span> <span class='ocrx_word' id='word_1_176' title='bbox 648 3391 711 3455; x_wconf 87' lang='lat' dir='ltr'>bac</span> <span class='ocrx_word' id='word_1_177' title='bbox 733 3389 827 3474; x_wconf 85' lang='lat' dir='ltr'>serio,</span> <span class='ocrx_word' id='word_1_178' title='bbox 850 3390 942 3472; x_wconf 90' lang='lat' dir='ltr'>lapso</span> <span class='ocrx_word' id='word_1_179' title='bbox 965 3409 1155 3457; x_wconf 87' lang='lat' dir='ltr'>succurrere</span> <span class='ocrx_word' id='word_1_180' title='bbox 1178 3392 1281 3457; x_wconf 87' lang='lat' dir='ltr'>amico</span> 
     </span>
     <span class='ocr_line' id='line_1_29' title="bbox 322 3496 1165 3579; baseline -0.001 -16"><span class='ocrx_word' id='word_1_181' title='bbox 322 3525 324 3528; x_wconf 93' lang='lat'>·</span> <span class='ocrx_word' id='word_1_182' title='bbox 384 3522 426 3563; x_wconf 80' lang='lat'>11⁰</span> <span class='ocrx_word' id='word_1_183' title='bbox 486 3496 689 3563; x_wconf 78' lang='lat' dir='ltr'>Conveniens</span> <span class='ocrx_word' id='word_1_184' title='bbox 711 3496 786 3563; x_wconf 89' lang='lat' dir='ltr'>istis</span> <span class='ocrx_word' id='word_1_185' title='bbox 809 3497 953 3563; x_wconf 91' lang='lat' dir='ltr'>moribus</span> <span class='ocrx_word' id='word_1_186' title='bbox 977 3515 1048 3564; x_wconf 86' lang='lat' dir='ltr'>esse</span> <span class='ocrx_word' id='word_1_187' title='bbox 1070 3499 1165 3579; x_wconf 89' lang='lat' dir='ltr'>puta!</span> 
     </span>
    </p>
   </div>
   <div class='ocr_carea' id='block_1_3' title="bbox 636 3697 1206 3907">
    <p class='ocr_par' dir='ltr' id='par_1_3' title="bbox 636 3697 1206 3907">
     <span class='ocr_line' id='line_1_30' title="bbox 636 3697 1142 3796; baseline -0.014 -25"><span class='ocrx_word' id='word_1_188' title='bbox 636 3789 639 3796; x_wconf 26' lang='grc' dir='ltr'>Ι</span> <span class='ocrx_word' id='word_1_189' title='bbox 763 3697 1142 3785; x_wconf 50' lang='lat' dir='ltr'>MOEOEROEQ</span> 
     </span>
     <span class='ocr_line' id='line_1_31' title="bbox 702 3836 1206 3907; baseline 0 -3"><span class='ocrx_word' id='word_1_190' title='bbox 702 3837 770 3904; x_wconf 75' lang='lat' dir='ltr'>ltin</span> <span class='ocrx_word' id='word_1_191' title='bbox 793 3836 982 3907; x_wconf 68' lang='lat' dir='ltr'>(toschenlr</span> <span class='ocrx_word' id='word_1_192' title='bbox 1003 3854 1068 3904; x_wconf 88' lang='lat' dir='ltr'>ans</span> <span class='ocrx_word' id='word_1_193' title='bbox 1090 3837 1206 3904; x_wconf 72' lang='lat' dir='ltr'>Tomi.</span> 
     </span>
    </p>
   </div>
   <div class='ocr_carea' id='block_1_4' title="bbox 443 3949 1371 4168">
    <p class='ocr_par' dir='ltr' id='par_1_4' title="bbox 443 3949 1371 4168">
     <span class='ocr_line' id='line_1_32' title="bbox 443 3949 1371 4062; baseline -0.003 -18"><span class='ocrx_word' id='word_1_194' title='bbox 443 3976 534 4062; x_wconf 82' lang='lat' dir='ltr'>Quae</span> <span class='ocrx_word' id='word_1_195' title='bbox 556 3977 629 4060; x_wconf 93' lang='lat' dir='ltr'>tibi,</span> <span class='ocrx_word' id='word_1_196' title='bbox 652 3949 858 4061; x_wconf 87' lang='lat' dir='ltr'>quaerebam,</span> <span class='ocrx_word' id='word_1_197' title='bbox 881 3995 1053 4044; x_wconf 88' lang='lat' dir='ltr'>memorem</span> <span class='ocrx_word' id='word_1_198' title='bbox 1075 3977 1238 4044; x_wconf 88' lang='lat' dir='ltr'>testantia</span> <span class='ocrx_word' id='word_1_199' title='bbox 1262 3996 1371 4044; x_wconf 89' lang='lat' dir='ltr'>curam</span> 
     </span>
     <span class='ocr_line' id='line_1_33' title="bbox 488 4079 1196 4168; baseline 0.004 -19"><span class='ocrx_word' id='word_1_200' title='bbox 488 4079 583 4150; x_wconf 85' lang='lat' dir='ltr'>Dona</span> <span class='ocrx_word' id='word_1_201' title='bbox 604 4084 796 4150; x_wconf 81' lang='lat' dir='ltr'>Tomitanus</span> <span class='ocrx_word' id='word_1_202' title='bbox 819 4084 952 4150; x_wconf 87' lang='lat' dir='ltr'>mittere</span> <span class='ocrx_word' id='word_1_203' title='bbox 974 4089 1084 4166; x_wconf 88' lang='lat' dir='ltr'>posset</span> <span class='ocrx_word' id='word_1_204' title='bbox 1107 4103 1196 4168; x_wconf 84' lang='lat' dir='ltr'>agor.</span> 
     </span>
    </p>
   </div>
   <div class='ocr_carea' id='block_1_5' title="bbox 310 4237 1597 4657">
    <p class='ocr_par' dir='ltr' id='par_1_5' title="bbox 310 4237 1597 4657">
     <span class='ocr_line' id='line_1_34' title="bbox 378 4237 1597 4311; baseline -0.005 -16"><span class='ocrx_word' id='word_1_205' title='bbox 378 4240 424 4295; x_wconf 85' lang='grc'>87.</span> <span class='ocrx_word' id='word_1_206' title='bbox 460 4254 513 4307; x_wconf 79' lang='lat' dir='ltr'>quo</span> <span class='ocrx_word' id='word_1_207' title='bbox 531 4270 566 4279; x_wconf 91' lang='lat'>-</span> <span class='ocrx_word' id='word_1_208' title='bbox 583 4239 652 4309; x_wconf 79' lang='lat' dir='ltr'>illis]</span> <span class='ocrx_word' id='word_1_209' title='bbox 679 4240 765 4294; x_wconf 81' lang='lat' dir='ltr'>werin</span> <span class='ocrx_word' id='word_1_210' title='bbox 789 4239 830 4293; x_wconf 81' lang='lat' dir='ltr'>sie</span> <span class='ocrx_word' id='word_1_211' title='bbox 853 4239 933 4293; x_wconf 89' lang='lat' dir='ltr'>nicht</span> <span class='ocrx_word' id='word_1_212' title='bbox 1027 4240 1134 4296; x_wconf 67' lang='lat' dir='ltr'>Nobi.</span> <span class='ocrx_word' id='word_1_213' title='bbox 1147 4237 1597 4311; x_wconf 80' lang='lat' dir='ltr'>BegleitschreibenanPanlluo</span> 
     </span>
     <span class='ocr_line' id='line_1_35' title="bbox 310 4305 1597 4380; baseline -0.004 -16"><span class='ocrx_word' id='word_1_214' title='bbox 310 4311 386 4380; x_wconf 84' lang='lat' dir='ltr'>einig</span> <span class='ocrx_word' id='word_1_215' title='bbox 406 4324 506 4364; x_wconf 79' lang='lat' dir='ltr'>waren.</span> <span class='ocrx_word' id='word_1_216' title='bbox 974 4308 1290 4364; x_wconf 78' lang='lat' dir='ltr'>FabiusMaximuo</span> <span class='ocrx_word' id='word_1_217' title='bbox 1308 4307 1359 4360; x_wconf 88' lang='lat' dir='ltr'>mit</span> <span class='ocrx_word' id='word_1_218' title='bbox 1371 4306 1434 4360; x_wconf 84' lang='lat' dir='ltr'>dem</span> <span class='ocrx_word' id='word_1_219' title='bbox 1447 4305 1597 4360; x_wconf 80' lang='lat' dir='ltr'>Goschenk</span> 
     </span>
     <span class='ocr_line' id='line_1_36' title="bbox 379 4374 1597 4450; baseline -0.004 -17"><span class='ocrx_word' id='word_1_220' title='bbox 379 4378 424 4434; x_wconf 90' lang='grc'>88.</span> <span class='ocrx_word' id='word_1_221' title='bbox 461 4384 553 4433; x_wconf 80' lang='lat' dir='ltr'>cetera</span> <span class='ocrx_word' id='word_1_222' title='bbox 580 4395 672 4433; x_wconf 82' lang='lat' dir='ltr'>accus.</span> <span class='ocrx_word' id='word_1_223' title='bbox 689 4395 813 4450; x_wconf 75' lang='lat' dir='ltr'>graecus.</span> <span class='ocrx_word' id='word_1_224' title='bbox 975 4379 1050 4433; x_wconf 81' lang='lat' dir='ltr'>eines</span> <span class='ocrx_word' id='word_1_225' title='bbox 1062 4378 1245 4448; x_wconf 78' lang='lat' dir='ltr'>okythisohon</span> <span class='ocrx_word' id='word_1_226' title='bbox 1255 4377 1381 4431; x_wconf 80' lang='lat' dir='ltr'>Kbohers</span> <span class='ocrx_word' id='word_1_227' title='bbox 1393 4375 1451 4429; x_wconf 86' lang='lat' dir='ltr'>und</span> <span class='ocrx_word' id='word_1_228' title='bbox 1463 4374 1512 4428; x_wconf 87' lang='lat' dir='ltr'>der</span> <span class='ocrx_word' id='word_1_229' title='bbox 1524 4376 1597 4430; x_wconf 79' lang='lat' dir='ltr'>(lanu</span> 
     </span>
     <span class='ocr_line' id='line_1_37' title="bbox 362 4447 1246 4520; baseline -0.002 -17"><span class='ocrx_word' id='word_1_230' title='bbox 362 4449 424 4505; x_wconf 77' lang='lat' dir='ltr'>los.</span> <span class='ocrx_word' id='word_1_231' title='bbox 453 4448 549 4502; x_wconf 77' lang='lat' dir='ltr'>domus</span> <span class='ocrx_word' id='word_1_232' title='bbox 564 4447 930 4519; x_wconf 81' lang='lat' dir='ltr'>istAppositionzuOottoc:</span> <span class='ocrx_word' id='word_1_233' title='bbox 973 4448 1127 4520; x_wconf 79' lang='lat' dir='ltr'>gehbrigen</span> <span class='ocrx_word' id='word_1_234' title='bbox 1147 4447 1246 4503; x_wconf 80' lang='lat' dir='ltr'>Pfeile.</span> 
     </span>
     <span class='ocr_line' id='line_1_38' title="bbox 310 4512 1597 4590; baseline -0.005 -18"><span class='ocrx_word' id='word_1_235' title='bbox 310 4520 394 4574; x_wconf 85' lang='lat' dir='ltr'>deren</span> <span class='ocrx_word' id='word_1_236' title='bbox 408 4517 527 4572; x_wconf 80' lang='lat' dir='ltr'>Familia</span> <span class='ocrx_word' id='word_1_237' title='bbox 540 4520 613 4572; x_wconf 68' lang='lat' dir='ltr'>wire</span> <span class='ocrx_word' id='word_1_238' title='bbox 625 4518 832 4590; x_wconf 72' lang='lat' dir='ltr'>sucgestorbem</span> <span class='ocrx_word' id='word_1_239' title='bbox 850 4534 930 4572; x_wconf 83' lang='lat' dir='ltr'>wenn</span> <span class='ocrx_word' id='word_1_240' title='bbox 1027 4518 1054 4574; x_wconf 88' lang='lat'>1.</span> <span class='ocrx_word' id='word_1_241' title='bbox 1075 4533 1213 4572; x_wconf 71' lang='lat' dir='ltr'>marcorem</span> <span class='ocrx_word' id='word_1_242' title='bbox 1221 4515 1322 4582; x_wconf 78' lang='lat' dir='ltr'>curam]</span> <span class='ocrx_word' id='word_1_243' title='bbox 1331 4513 1418 4567; x_wconf 82' lang='lat' dir='ltr'>Liebe</span> <span class='ocrx_word' id='word_1_244' title='bbox 1428 4512 1486 4566; x_wconf 86' lang='lat' dir='ltr'>und</span> <span class='ocrx_word' id='word_1_245' title='bbox 1495 4512 1597 4568; x_wconf 82' lang='lat' dir='ltr'>Treue.</span> 
     </span>
     <span class='ocr_line' id='line_1_39' title="bbox 310 4586 930 4657; baseline -0.003 -15"><span class='ocrx_word' id='word_1_246' title='bbox 310 4590 350 4642; x_wconf 89' lang='lat' dir='ltr'>sie</span> <span class='ocrx_word' id='word_1_247' title='bbox 368 4589 448 4642; x_wconf 85' lang='lat' dir='ltr'>nicht</span> <span class='ocrx_word' id='word_1_248' title='bbox 459 4588 514 4642; x_wconf 82' lang='lat' dir='ltr'>den</span> <span class='ocrx_word' id='word_1_249' title='bbox 525 4586 657 4642; x_wconf 87' lang='lat' dir='ltr'>Valerius</span> <span class='ocrx_word' id='word_1_250' title='bbox 672 4588 813 4657; x_wconf 86' lang='lat' dir='ltr'>adoptiert</span> <span class='ocrx_word' id='word_1_251' title='bbox 824 4587 930 4642; x_wconf 65' lang='lat' dir='ltr'>hitten.</span> 
     </span>
    </p>
   </div>
   <div class='ocr_carea' id='block_1_6' title="bbox 0 0 1862 5292">
    <p class='ocr_par' dir='ltr' id='par_1_6' title="bbox 0 0 1862 5292">
     <span class='ocr_line' id='line_1_40' title="bbox 0 0 1862 5292; baseline 0 0"><span class='ocrx_word' id='word_1_252' title='bbox 0 0 1862 5292; x_wconf 95' lang='lat' dir='ltr'> </span> 
     </span>
    </p>
   </div>
  </div>
 </body>
</html>
