3714 5298
856 475 953 530 Erster
975 476 1047 532 Tail.

483 639 576 706 Haeo
598 641 765 724 gremium,
788 640 881 706 laxos
904 640 1066 721 degravat
1088 640 1147 705 illa
1170 641 1268 708 sinus.

439 744 506 820 illa
526 744 610 830 legit
631 748 768 830 calthas,
789 744 867 812 huic
889 749 966 810 sunt
988 745 1129 813 violaria
1151 765 1257 830 curae,

396 876 423 917 20
482 852 547 917 illa
569 871 773 934 papavereas
795 853 948 918 subsecat
969 870 1078 935 ungue
1101 870 1222 920 comas:

439 957 519 1041 Has,
541 957 728 1042 hyacinthe,
750 963 856 1040 tanes3
878 957 963 1041 illas,
985 963 1164 1043 amarante,
1186 961 1335 1028 moraris:

483 1064 568 1132 Pars
590 1066 713 1150 thyma,
736 1083 813 1148 pars
836 1064 967 1147 casiam,
989 1082 1066 1146 pars
1088 1065 1254 1133 meliloton
1277 1074 1398 1134 amant.

438 1152 586 1236 Plurima
607 1171 696 1237 lacta
718 1189 793 1237 rosa
815 1175 879 1252 est;
903 1175 980 1236 sunt
1002 1174 1038 1236 et
1059 1171 1129 1237 sine
1151 1172 1404 1240 nominatiores.

483 1277 563 1358 Ipsa
586 1295 696 1344 crocos
718 1282 833 1344 tenues
855 1277 990 1357 liliaque
1012 1277 1090 1342 alba
1113 1278 1205 1360 legit.

396 1409 423 1450 11
439 1383 603 1465 carpendi
624 1383 732 1449 studio
755 1383 918 1466 paulatim
937 1383 1067 1466 longius
1089 1383 1165 1466 itur,

485 1490 533 1556 Et
555 1491 715 1556 dominam
739 1509 817 1556 casu
832 1490 931 1556 nulla
953 1495 1067 1556 secuta
1090 1508 1204 1556 comes.

440 1596 537 1661 Hanc
558 1596 708 1675 videtet
730 1597 834 1665 visam
855 1596 1176 1678 patruusvolooiter
1197 1595 1316 1680 aufert,

485 1702 666 1790 Regnaque
688 1702 847 1794 caeruleis
869 1703 904 1794 in
927 1721 987 1768 1111
1009 1706 1123 1784 portat
1146 1703 1245 1783 equis.

441 1809 506 1875 Illa
526 1801 657 1890 ‘quidem
674 1801 846 1876 *clamabat
868 1809 917 1891 ‘io,
941 1807 1109 1874 carissima
1131 1813 1246 1892 mater,

397 1941 425 1980 1ο
485 1914 649 1981 Auierorl’
671 1915 745 1997 ipsa
767 1934 841 1982 suos
864 1915 1114 1995 abscideratque
1137 1915 1241 1981 sinus:

441 2022 603 2110 Panditur
625 2021 754 2091 interea
777 2021 849 2087 Diti
872 2021 937 2103 via,
960 2039 1099 2101 namque
1123 2020 1272 2087 diurnum

486 2128 612 2194 Lumen
633 2127 797 2194 inadsueti
819 2126 1071 2208 vixpauunour
1094 2125 1177 2207 equi.
1279 2111 1283 2116 ’
1356 2127 1360 2134 ’

442 2235 490 2300 At
512 2235 628 2300 chorus
652 2233 808 2317 aequalis,
823 2215 1017 2321 'cumulatae
1038 2231 1118 2299 flore
1139 2233 1318 2318 ministrae,

489 2341 721 2423 ‘Persephone’
744 2341 889 2406 clamant
910 2340 961 2405 ‘ad
983 2343 1043 2404 tua
1066 2340 1151 2405 dona
1173 2339 1271 2406 vanil’
1389 2407 1390 2412 ,

401 2469 428 2510 as
443 2447 491 2514 Ut
514 2447 656 2513 clamata
678 2446 763 2529 silet,
785 2450 911 2512 montes
934 2445 1114 2511 ululatibus
1136 2445 1282 2530 implent,

489 2553 536 2618 Et
558 2553 684 2620 feriunt
705 2559 851 2619 maestae
873 2556 1007 2634 pectora
1029 2553 1117 2618 nuda
1139 2571 1262 2618 manus.

445 2659 600 2725 Attonita
622 2665 674 2726 est
695 2659 853 2742 plangore
876 2659 981 2742 Ceres,
1003 2695 1049 2706 -
1070 2660 1163 2725 modo
1186 2665 1325 2726 venerat
1347 2662 1497 2730 Hennam
1520 2701 1563 2710 -

490 2766 558 2832 Neo
579 2785 680 2850 mora,
702 2768 762 2832 ‘me
783 2767 948 2832 miseram!
971 2765 1057 2848 filia:
1081 2765 1165 2830 dixit
1187 2766 1253 2831 ‘ubi
1276 2767 1357 2834 estid

446 2872 567 2937 Mentis
589 2872 682 2954 inops
704 2872 842 2954 rapitur,
865 2872 978 2951 quales
1001 2871 1116 2936 audire
1138 2871 1276 2938 solemus

401 3004 429 3044 ro
489 2978 659 3044 Threicias
681 2977 763 3043 11111
785 2978 964 3042 Maenadas
986 2977 1035 3042 ire
1058 2977 1164 3043 comis.

445 3084 494 3151 Ut
515 3083 621 3150 vitulo
643 3084 749 3167 mugit
771 3099 831 3149 sua
854 3087 961 3149 mater
983 3084 1025 3150 ab
1048 3083 1149 3149 ubere
1170 3088 1275 3168 rapto,

491 3191 537 3256 Et
560 3191 690 3270 quaerit
711 3190 800 3256 fetus
822 3208 881 3272 per
903 3208 1016 3255 nemus
1039 3207 1131 3256 omne
1153 3207 1240 3256 suos:

446 3296 500 3362 Sic
523 3297 585 3361 dea
607 3315 667 3362 nec
689 3297 812 3363 retinet
835 3296 983 3380 gemitus,
1006 3301 1041 3361 et
1064 3297 1192 3362 concito
1214 3315 1310 3364 cursu

490 3402 621 3485 Fertur,
645 3406 679 3468 11
692 3421 721 3474 ,1
743 3403 865 3484 campis
887 3402 1012 3486 incipit,
1034 3403 1160 3486 Henna,
1184 3403 1259 3470 tuis.

402 3508 526 3575 1111111
548 3509 705 3591 puellaris
727 3513 827 3574 nacta
850 3513 901 3574 est
923 3509 1065 3591 vestigia
1087 3509 1230 3589 plantae,

492 3615 539 3680 Et
560 3634 705 3696 pressam
728 3619 806 3681 noto
828 3615 970 3697 pondere
993 3615 1078 3683 vidit
1100 3616 1245 3696 humum3

448 3720 602 3798 Forsitan
624 3722 684 3788 illa
706 3722 775 3788 dies
797 3721 917 3787 erroris
940 3739 1064 3788 summa
1086 3720 1212 3805 luisset,

492 3826 528 3894 si
550 3847 616 3894 non
637 3829 834 3917 turbassent·
850 3827 945 3910 signa
967 3830 1101 3908 reperta
1123 3845 1204 3893 sues.

448 3933 584 4013 Iamque
606 3933 784 4000 Leontinos
806 3934 1040 4014 Amenanaque
1061 3933 1196 3999 flumina
1219 3952 1315 4000 cursu

406 4065 434 4106 1ο
491 4040 661 4106 Praeterit
684 4045 718 4106 et
739 4040 839 4122 ripas,
862 4040 1008 4105 herbifer
1030 4039 1101 4122 Aoi,
1124 4044 1212 4105 tuas:

320 4177 322 4180 ·
449 4145 618 4212 Praeterit
640 4150 675 4212 et
698 4146 830 4230 Cyanen
848 4151 888 4211 et
910 4145 1017 4243 fontes
1039 4145 1123 4211 lenis
1145 4145 1255 4226 Anapi

387 4319 432 4375 24.
468 4317 735 4390 ipsa].Praserpina.
1022 4329 1023 4336 ’
1050 4318 1096 4373 uo.
1132 4319 1601 4388 11111111111111111111111111111-

386 4390 431 4444 30.
461 4389 629 4460 absciderat]
640 4389 721 4444 hatte
732 4389 871 4458 aerrissen,
888 4404 938 4441 aus
980 4387 1038 4441 lich
1057 4387 1181 4440 naohher
1196 4387 1294 4452 fartor.

317 4458 530 4530 Veraweiflung.
1050 4455 1095 4513 lu.
1132 4455 1165 4531 at]
1185 4457 1352 4527 explikativ:
1371 4460 1428 4512 und
1446 4475 1527 4512 awar.

386 4529 433 4584 31.
464 4529 604 4597 panditur
630 4530 686 4598 oia]
716 4528 809 4581 indam
837 4544 866 4581 er
892 4527 938 4580 die
1050 4527 1095 4582 47.
1132 4528 1242 4597 samm]
1260 4527 1309 4581 der
1326 4527 1419 4582 latzte.

317 4598 392 4654 Euda
409 4597 469 4652 sich
487 4599 597 4668 spalten
614 4599 681 4652 last.
1050 4597 1124 4653 111.
1141 4596 1229 4652 Nioht
1237 4597 1309 4651 ohne
1318 4598 1400 4651 Atlas
1409 4597 1601 4667 priparierenl
