3716 5292
328 377 389 442 122

868 388 986 444 Zweiter
1007 389 1080 443 Teil.

415 573 442 612 25
459 551 616 631 Tempore
639 552 695 632 qui
718 552 813 634 longo
838 552 978 632 steterit,
1001 552 1087 616 male
1109 558 1219 622 curret
1243 558 1277 618 ot
1300 553 1388 618 inter

505 657 696 723 Carceribus
719 659 832 724 missos
855 658 988 723 ultimus
1011 659 1075 726 ibit
1099 677 1206 738 equus.

460 766 612 831 Vertitur
633 765 666 829 in
691 769 837 829 tenerem
861 764 981 828 cariem
1004 765 1158 845 rimisque
1181 765 1329 849 dehiscit,

506 872 606 953 Siqua
630 871 685 936 diu
708 869 814 935 solitis
841 872 957 936 cumba
979 871 1113 936 vacabit
1136 872 1239 952 aquis.

461 979 514 1044 Me
538 996 664 1059 quoque
687 978 831 1058 despera,
855 976 972 1042 brerim
997 996 1068 1042 cum
1091 996 1213 1059 parvus
1236 983 1271 1042 ot
1294 983 1380 1059 anto,

417 1110 444 1149 oo
504 1083 567 1166 llli,
591 1083 647 1164 qni
669 1082 804 1165 ineram,
826 1101 919 1163 posse
940 1083 1049 1149 redire
1071 1102 1191 1164 parem.

463 1191 618 1258 Contudit
640 1189 805 1272 ingenium
827 1190 992 1271 patientia
1017 1191 1116 1272 longa
1138 1190 1303 1273 malorum,

506 1297 552 1362 ut
575 1314 651 1376 pars
675 1295 803 1376 antiqui
825 1295 916 1362 nulla
939 1297 1063 1380 vigoris
1086 1299 1188 1362 adest.

463 1405 563 1484 Siqua
587 1408 697 1467 tamen
719 1403 821 1484 nobis,
845 1408 883 1466 ut
904 1421 991 1468 nunc
1014 1421 1150 1486 quoque,
1173 1408 1303 1483 sumpta
1327 1403 1451 1468 tabella
1474 1407 1535 1484 est,

507 1511 610 1589 Inque
633 1527 708 1575 suos
731 1509 820 1574 volui
844 1527 960 1592 cogere
983 1510 1086 1574 verba
1108 1510 1215 1591 pedes

419 1641 446 1680 es
462 1617 613 1682 Carmina
636 1615 726 1680 nulla
749 1616 829 1680 mihi
852 1621 929 1682 sunt
952 1617 1084 1698 scripta,
1107 1620 1166 1680 aut
1189 1615 1300 1698 qualia
1324 1616 1436 1698 cernis

507 1723 619 1805 Digna
641 1722 691 1787 sui
714 1722 835 1787 domini
858 1727 1012 1804 tempore,
1035 1723 1135 1804 digna
1157 1723 1235 1787 loco.

463 1830 612 1910 Denique
634 1848 699 1895 non
721 1847 843 1909 parvas
867 1829 973 1894 animo
998 1830 1055 1893 dat
1077 1830 1184 1912 gloria
1207 1830 1302 1908 vires,

509 1936 556 2001 Et
578 1934 718 2001 fecunda
740 1934 822 1999 iacit
844 1942 978 2015 pectora
1001 1936 1106 2000 laudis
1131 1954 1228 2003 amor.

464 2043 611 2108 Nominis
635 2047 668 2106 et
691 2040 798 2105 famae
820 2042 980 2121 quondam
1004 2040 1133 2123 fulgore
1156 2042 1321 2123 trahebar,

420 2174 449 2212 40
508 2149 594 2214 Dum
617 2148 696 2213 tulit
719 2153 889 2212 antemnas
912 2166 993 2212 aura
1014 2149 1156 2212 secunda
1178 2165 1274 2212 meas.

466 2255 537 2320 Non
561 2256 640 2320 adeo
665 2258 714 2336 est
738 2254 820 2318 bene
843 2272 937 2334 nunc,
960 2259 997 2318 ut
1021 2254 1066 2318 sit
1088 2253 1167 2318 mihi
1190 2254 1297 2336 gloria
1321 2271 1429 2318 curae:

511 2361 546 2427 Si
568 2361 678 2442 liceat,
701 2359 783 2424 nulli
806 2360 956 2442 cognitus
979 2378 1049 2426 esse
1072 2359 1180 2426 velim.
1233 2412 1235 2418 .

466 2470 519 2533 An
543 2469 620 2549 quia
643 2471 809 2532 cesserunt
835 2467 938 2548 primo
962 2467 1045 2532 bene
1068 2467 1220 2539 carmina
1243 2467 1360 2531 suades

512 2575 669 2656 Scribere,
693 2592 859 2640 successus
882 2578 919 2638 ut
942 2592 1061 2655 sequar
1083 2574 1153 2656 ipse
1175 2572 1283 2639 meos?

422 2709 449 2748 a
465 2682 560 2764 Pace,
583 2699 708 2763 novem,
731 2686 845 2747 vestra
867 2681 967 2746 liceat
990 2679 1118 2763 dixisse,
1141 2698 1279 2746 sorores:

512 2789 579 2853 Vos
602 2788 682 2852 estis
704 2792 836 2852 nostrae
858 2787 1000 2851 maxima
1023 2805 1122 2851 causa
1143 2786 1251 2867 fugae.

467 2895 578 2974 thue
602 2894 692 2958 dedit
714 2895 818 2958 iustas
842 2893 930 2958 tauri
952 2893 1134 2957 fabricator
1157 2893 1238 2975 aeni,

513 3000 567 3066 Sic
590 3018 650 3080 ego
674 3001 713 3064 do
736 3017 857 3079 poenas
879 2999 1006 3064 artibus
1029 2998 1099 3079 ipse
1121 2999 1210 3063 meis,

468 3106 523 3169 Nil
545 3106 626 3171 mihi
650 3106 791 3171 debebat
814 3124 886 3169 cum
909 3105 1058 3170 versibus
1082 3105 1220 3186 amplius
1244 3124 1322 3187 esse,

425 3235 452 3274 50
513 3213 591 3277 Cum
614 3211 760 3294 fugerem
783 3211 899 3277 11101110
923 3210 1103 3294 naufragus
1126 3230 1219 3278 omne
1241 3211 1370 3277 fretum.

470 3319 525 3400 At,
548 3323 636 3400 puto,
660 3318 688 3385 si
711 3319 841 3383 demens
864 3317 1007 3383 studium
1030 3317 1135 3383 fatale
1158 3323 1359 3400 retemptem,

515 3425 579 3488 Hic
601 3424 681 3488 mihi
703 3424 876 3504 praebebit
898 3424 1051 3489 carminis
1075 3443 1167 3491 arma
1189 3425 1287 3490 locus.

470 3531 543 3596 Non
565 3531 650 3596 liber
672 3531 725 3596 hic
748 3530 842 3612 ullus,
864 3548 937 3608 non,
961 3530 1017 3612 qui
1040 3530 1120 3595 mihi
1143 3530 1320 3597 commodet
1344 3547 1463 3612 aurem,

516 3637 691 3717 Verbaque
712 3636 897 3719 significent
920 3637 998 3719 qnid
1020 3655 1102 3720 mea,
1125 3635 1221 3718 norit,
1245 3636 1347 3702 adest.
1439 3645 1442 3649 ’

390 3828 437 3883 25.
473 3830 547 3881 inim
588 3828 682 3894 (equor
718 3829 762 3895 ec)
805 3827 962 3881 carceribus
1057 3824 1122 3880 lor.
1159 3823 1239 3878 Sinn:
1267 3825 1319 3876 wie
1341 3825 1388 3878 ich
1413 3826 1488 3878 mich
1512 3823 1605 3878 kunfti

339 3896 526 3966 (Schranken,
561 3896 609 3949 der
638 3896 796 3950 Rennbahn
827 3895 960 3964 ndmlich)
1005 3911 1055 3948 vor
1073 3895 1136 3948 dem
1154 3893 1246 3947 Meere
1264 3895 1350 3948 11111011
1368 3894 1473 3964 wiirde,
1495 3894 1560 3948 falls
1577 3895 1605 3948 io

339 3970 479 4036 (elmiosos.

391 4037 437 4093 27.
473 4037 603 4105 tammam]
621 4037 738 4089 morach.

393 4108 437 4162 29.
470 4108 586 4176 parvus]
604 4105 809 4159 unbedeutend.

392 4247 437 4302 40.
473 4247 602 4316 secundo]
620 4245 740 4316 giinstig.

340 4387 449 4455 Musen)

391 4317 437 4371 lo.
467 4332 541 4438 ἔασε
571 4316 671 4383 bema]
705 4315 757 4367 mit
792 4331 871 4368 eurer
902 4312 962 4382 (der
1006 4313 1094 4365 durch
1108 4318 1178 4382 puto
1195 4313 1325 4370 ironisch.

340 4526 479 4580 Phalaris.
1006 4523 1120 4574 kommt.

1005 3964 1108 4019 einmal
1131 3961 1313 4017 Schiffbruch
1337 3965 1447 4019 erlitten
1475 3966 1568 4032 111110,
1595 3980 1625 4016 so

1005 4034 1085 4088 sollte
1097 4033 1144 4087 ich
1156 4033 1231 4086 mich
1244 4035 1318 4089 auch
1332 4035 1411 4088 nicht
1422 4036 1502 4090 mehr
1513 4034 1565 4088 mit
1576 4033 1626 4087 der

1005 4104 1152 4174 Dichtung
1170 4104 1298 4174 abgeben
1317 4104 1377 4173 (der
1394 4105 1442 4159 ich
1460 4105 1513 4159 den
1526 4102 1625 4159 Schiff·

391 4178 436 4232 33.
472 4177 586 4246 tabella]
605 4174 742 4241 Schreib,
761 4173 919 4228 Brieftafel.
1004 4173 1095 4227 bruch
1112 4174 1216 4227 meinos
1228 4173 1338 4228 Lebene
1355 4189 1390 4226 zu
1401 4174 1513 4229 danken
1531 4174 1625 4242 habe).

1057 4243 1124 4298 511.
1159 4243 1218 4296 Der
1230 4244 1297 4298 Sinn
1315 4243 1363 4296 des
1378 4243 1540 4299 Distichone
1557 4243 1627 4296 wird

492 4386 625 4440 rlaubnis.
1057 4382 1104 4437 ol.
1140 4382 1182 4435 Zu
1200 4385 1275 4437 norit
1296 4382 1333 4434 ist
1353 4381 1425 4435 noch
1450 4382 1553 4438 0111111111
1570 4400 1627 4438 non

392 4457 438 4512 47.
465 4456 531 4528 Vgl.
539 4453 874 4510 dasNamenverzeichnis
881 4457 963 4505 1111101
1005 4469 1040 4506 uu
1059 4455 1207 4522 ergiinzen,
1229 4469 1259 4506 so
1277 4451 1332 4505 dass
1350 4449 1497 4523 intellegat
1515 4453 1625 4507 hercus-
