3714 5298
741 455 793 510 no.
806 455 840 510 aa
859 455 915 524 (111
927 455 1086 526 soe-arc).

405 635 458 700 An
482 633 567 713 quod
588 631 691 696 habet
713 630 827 714 legem,
850 631 970 712 capitis
993 649 1077 712 quae
1091 633 1239 713 ‘pendere
1261 651 1392 713 poenas·
1415 653 1420 664 ’

449 740 503 805 Ex
524 738 581 805 illo
603 737 718 803 iubeat
739 735 831 802 furta
853 742 986 818 reperta
1007 736 1102 802 loco?
1219 755 1221 762 ⁴

405 847 436 911 A
459 861 659 926 quacumque
682 843 789 908 trahis
811 843 939 908 ratione
961 843 1131 926 vocabula,
1153 843 1273 928 Pallas,
1368 838 1371 845 ’

358 979 387 1018 4⁰
447 951 512 1017 Pro
535 950 671 1015 ducibus
692 949 815 1014 nostris
837 949 956 1030 aegida
979 966 1105 1029 semper
1127 950 1225 1016 habel

404 1057 535 1124 Summa
558 1057 627 1121 dies
650 1074 669 1120 e
691 1055 834 1136 quinque
856 1054 954 1120 tubas
976 1054 1119 1120 lustrare
1141 1073 1302 1126 canoras.

448 1163 611 1230 Admonet
633 1165 668 1227 et
690 1160 772 1227 forti
793 1160 977 1226 sacrificare
999 1161 1088 1226 deae.

402 1271 496 1336 Nunc
518 1272 612 1362 potes
635 1269 677 1332 ad
699 1267 798 1334 solem
821 1267 951 1333 sublato
974 1267 1082 1333 dicere
1104 1268 1198 1335 voltu

448 1375 520 1442 ‘Hic
542 1372 621 1440 here
643 1359 806 1438 Phrixeae
829 1373 954 1440 vellera
975 1369 1104 1455 pressit
1119 1375 1208 1442 ovis!
1265 1375 1269 1382 ’

356 1507 386 1548 a
401 1482 584 1573 Seminibus
606 1481 703 1546 tostis
725 1479 906 1546 sceleratae
927 1479 1044 1545 fraude
1065 1476 1226 1546 novercae

446 1587 633 1680 Sustulcrat
655 1586 762 1652 nullas
785 1591 823 1651 ut
845 1585 937 1669 solet,
959 1587 1063 1651 herba
1086 1604 1201 1652 comas.

401 1695 550 1760 Mittitur
572 1695 614 1758 ad
637 1693 802 1774 tripodas,
816 1696 909 1756 certa
931 1692 988 1772 qui
1010 1696 1099 1758 sorte
1116 1700 1277 1776 reportet,

446 1800 550 1883 Quam
573 1799 680 1865 sterili
702 1802 812 1863 terrae
834 1797 1012 1878 Delphicus
1036 1799 1116 1864 edat.
1135 1816 1236 1880 opem.

401 1907 466 1971 Hic
489 1923 616 1987 quoque
639 1908 811 1986 corruptus
835 1921 906 1969 cum
929 1905 1059 1988 semine,
1082 1905 1215 1970 nuntiat
1237 1905 1350 1972 Helles

355 2040 384 2080 ao
444 2012 491 2077 Et
513 2012 642 2079 iuvenis
664 2011 781 2076 Phrixi
803 2010 922 2076 lunera
944 2016 1032 2077 sorte
1054 2012 1132 2092 peti.
1314 2017 1315 2022 ’

401 2119 512 2198 thue
534 2123 739 2184 recusantem
763 2118 851 2184 cives
875 2123 909 2186 et
931 2123 1060 2200 tempus
1083 2123 1118 2184 et
1140 2119 1199 2184 Ino

445 2225 677 2306 compulerunt
699 2243 809 2307 regem
831 2225 920 2290 iussa
942 2224 1086 2290 nefanda
1107 2226 1188 2309 pati,

400 2332 446 2396 Et
468 2348 559 2397 soror
582 2332 789 2424 etPhrixus,
812 2331 916 2398 velati
938 2334 1087 2412 tempora
1108 2331 1214 2415 vittis,

445 2437 545 2504 Stant
566 2438 662 2504 simul
685 2441 763 2503 ante
786 2454 870 2520 aras,
892 2436 1069 2517 iunctaque
1091 2437 1173 2504 fata·
1186 2442 1329 2521 gemunt.

355 2569 384 2610 11
399 2544 529 2624 Aspicit
551 2544 619 2627 hos,
642 2548 680 2608 ut
703 2541 790 2608 forte
812 2544 1013 2623 pependerat
1036 2544 1178 2626 aethere,
1201 2550 1315 2627 mater,

444 2650 490 2715 Et
512 2649 592 2715 ierit
615 2648 759 2714 attonita
781 2652 916 2730 pectora
937 2650 1026 2714 nuda
1046 2667 1160 2716 manu:

401 2755 504 2836 Inque
527 2755 779 2838 draconigenam
801 2755 920 2847 nimbis
944 2755 1176 2821 comitantibus
1198 2757 1311 2822 urbem

443 2862 572 2945 Desilit,
596 2866 630 2927 et
652 2866 748 2927 natos
772 2862 871 2942 eripit
892 2862 968 2926 inde
990 2879 1074 2927 suos.

399 2969 510 3056 thue
532 2967 645 3050 lugam
667 2969 809 3051 capiant,
834 2969 919 3033 aries
942 2968 1157 3035 nitidissimus
1180 2987 1259 3035 auro

352 3103 380 3142 ao
440 3059 610 3140 Traditur:
633 3073 690 3139 ille
712 3074 806 3141 vehit
828 3093 887 3155 per
909 3073 998 3140 ireta
1019 3075 1118 3158 longa
1141 3076 1229 3143 duos.

395 3179 527 3246 Dicitur
548 3179 677 3245 infirma
699 3198 799 3245 cornu
821 3181 966 3246 tenuisse
989 3182 1124 3247 sinistra

439 3287 584 3370 Femina,
608 3305 680 3352 cum
703 3287 744 3351 de
766 3304 801 3352 se
823 3287 954 3352 nomina
975 3286 1056 3352 fecit
1079 3305 1192 3368 aquae.

395 3393 506 3458 Paene
528 3392 624 3457 simul
646 3393 754 3475 periit,
778 3394 854 3458 dum
876 3393 948 3460 volt
971 3411 1159 3460 succurrere
1181 3393 1302 3476 lapsae,

439 3498 568 3582 Frater,
592 3502 626 3564 et
649 3503 801 3564 extentas
823 3500 963 3582 ponigit
985 3517 1087 3580 usque
1108 3517 1230 3566 manus.

352 3631 379 3672 aa
395 3605 525 3688 Flebat,
548 3609 586 3670 ut
609 3605 730 3670 amissa
752 3604 874 3687 gemini
897 3609 1046 3670 consorte
1068 3606 1192 3690 pericli,

440 3711 596 3778 Caeruleo
619 3711 765 3776 iunctam
787 3711 916 3776 nescius
939 3729 1009 3777 esse
1032 3712 1101 3778 deo.

312 3884 380 3940 371.
412 3884 606 3939 Konstnriere:
618 3926 624 3937 .
635 3927 641 3938 .
653 3926 658 3937 .
670 3885 752 3954 leqcm
762 3883 882 3952 (templi)

260 3970 333 4022 quae
360 3955 456 4009 iubeat
481 3955 560 4020 farta
587 3970 621 4008 ca
646 3955 696 4009 illo
726 3954 783 4008 loco
813 3953 883 4022 (also
927 3953 1056 4010 Zeiohen.
1074 3957 1195 4010 -11111
1222 3979 1259 4000 =
1276 3955 1346 4009 heri.

221 4291 223 4296 ·
311 4261 380 4323 ²411.
416 4266 487 4320 Das
505 4266 775 4320 Tubilustrium.

260 4023 548 4092 Tempeldiebstlthle)
578 4030 691 4094 reperta
717 4025 813 4092 '(wenn
843 4024 884 4077 111
978 4025 1024 4084 45.
1059 4038 1192 4080 novercae
1219 4024 1270 4078 (111
1286 4024 1351 4090 Ino,
1377 4023 1483 4076 welche
1501 4023 1547 4077 die

262 4093 395 4147 entdeckt
412 4094 485 4162 sind)
510 4095 611 4162 capitia
629 4109 738 4163 poenas
751 4093 884 4162 pendere.
925 4092 1036 4148 Frauen
1054 4094 1102 4148 des
1114 4094 1226 4148 Laudes
1237 4093 1384 4148 versulaflt
1395 4092 1483 4158 hatte,
1501 4093 1547 4148 die

926 4161 994 4216 Saat
1006 4181 1040 4216 au
1055 4164 1238 4230 verbrennen,
1256 4180 1303 4216 um
1315 4162 1467 4234 Teuerung
1479 4163 1548 4216 iiber

925 4233 975 4286 das
987 4233 1070 4288 Laud
1081 4251 1118 4288 11
1129 4235 1256 4303 bringeri,
1268 4232 1327 4286 und
1339 4232 1414 4286 (1111
1426 4231 1547 4286 Phrixus

311 4181 361 4236 to.
396 4181 524 4250 ducibus]
544 4179 725 4233 Kaiserhaus.

311 4353 357 4410 41.
393 4354 506 4422 summa]
524 4353 573 4407 der
589 4352 673 4407 letata
685 4371 739 4408 von
753 4352 807 4406 den
818 4352 884 4406 illul
924 4301 1277 4442 πῖἓθιῗωῗαᾱὲῗῒῗὸω,

257 4423 357 4494 Tacen
375 4423 426 4479 der
444 4421 646 4493 Quinquatrien
665 4423 697 4491 (⁸-
715 4421 750 4478 V·
766 4422 803 4493 2)·
828 4487 829 4492 ,
975 4443 1021 4497 11.
1057 4443 1159 4512 eram]
1177 4441 1305 4496 Theben.

256 4509 533 4634 wilgffffibie
557 4508 788 4578 Apothecae
813 4509 879 4602 dea
922 4512 1019 4635 Half}
1055 4511 1202 4582 Neptunus
1228 4511 1383 4565 vermdhlte
1407 4511 1468 4564 sich
1494 4510 1547 4563 mit

979 3885 1025 3940 44.
1061 3883 1115 3956 bic]
1134 3884 1183 3939 sol.
1196 3887 1353 3955 -prcssitl
1375 3889 1432 3937 trat
1449 3885 1479 3936 in
1498 3885 1548 3938 das
