3716 5292
833 473 951 528 chiter
973 473 1044 527 Teil.

471 638 541 722 Quo
566 639 644 704 dare
666 638 713 703 nil
736 638 829 719 potui
851 655 984 703 munere
1007 637 1119 720 maius,
1142 637 1252 702 habes,

385 769 412 809 m
428 745 530 828 Adde,
554 745 647 828 quod,
669 749 707 810 ut
730 762 838 808 rerum
860 743 930 808 sola
953 762 987 808 es
1010 743 1117 808 tutela
1139 761 1292 824 mearum,

472 851 524 916 Ad
547 855 582 916 te
603 869 668 916 non
691 850 787 932 parvi
810 849 903 915 venit
925 849 1057 915 honorIs
1080 867 1168 930 onus,

427 957 520 1041 Quod
542 975 717 1038 numquam
739 974 805 1022 vox
828 960 878 1020 est
902 957 942 1020 de
964 960 999 1020 te
1023 973 1095 1020 mea
1117 959 1209 1020 muta
1231 955 1344 1035 tuique

472 1063 606 1128 Iudiciis
630 1063 728 1128 debes
751 1079 822 1127 esse
845 1063 986 1144 superba
1009 1061 1082 1126 viri.

427 1169 518 1253 Quae
541 1187 582 1235 ne
605 1168 677 1248 quis
699 1168 802 1249 possit
825 1168 1002 1233 temeraria
1025 1167 1141 1251 dicere,
1163 1171 1285 1249 persta,

383 1303 410 1341 20
470 1275 516 1340 Et
538 1275 666 1356 pariter
687 1292 785 1340 serva
807 1292 922 1354 meque
944 1273 1096 1355 piamque
1117 1273 1226 1338 fidem!

426 1382 509 1446 Nam
532 1386 600 1463 tua,
623 1383 698 1445 dum
721 1380 880 1463 stetimus,
903 1381 994 1460 turpi
1017 1379 1087 1444 sine
1111 1379 1244 1444 crimine
1267 1379 1388 1444 mansit

471 1481 518 1552 Et
540 1491 669 1552 tantum
691 1487 840 1568 probitas
862 1486 1095 1567 inreprehensa
1117 1485 1190 1550 fuit.

427 1595 516 1658 Area
539 1595 579 1658 de
602 1598 716 1659 nostra
738 1611 824 1658 nunc
847 1592 983 1658 esttibi
1006 1591 1098 1657 iacta
1120 1591 1229 1672 ruina3

472 1699 684 1781 Conspicuum
707 1699 815 1765 virtus
837 1699 892 1764 hic
913 1704 973 1764 tua
995 1703 1096 1780 ponat
1119 1699 1214 1780 opus!

383 1832 410 1871 25
425 1807 508 1871 Esse
530 1806 648 1871 bonam
670 1804 769 1870 facile
792 1810 851 1888 est,
874 1806 941 1888 nbi,
963 1807 1048 1886 quod
1071 1809 1164 1871 vetet
1188 1821 1267 1886 esse,
1289 1807 1448 1868 remotum
1472 1808 1531 1884 est,

472 1913 519 1976 Et
541 1911 624 1976 nihil
647 1911 752 1977 officio
775 1916 880 1992 nupta
903 1913 988 1991 quod
1014 1913 1124 1978 obstet
1146 1912 1260 1976 habet:

427 2019 506 2084 Cum
529 2019 608 2083 deus
630 2018 783 2100 intonuit,
806 2035 871 2082 non
895 2036 930 2082 sc
953 2018 1133 2083 subducere
1155 2017 1273 2098 nimbo,

471 2125 510 2189 Id
533 2126 659 2188 demum
682 2128 733 2188 est
755 2123 871 2206 pietas,
893 2123 928 2186 id
950 2122 1080 2188 socialis
1103 2141 1201 2188 amor.

423 2231 515 2296 Rara
538 2230 667 2309 quidem
689 2228 806 2312 virtus,
829 2247 926 2308 quam
949 2247 1013 2293 non
1036 2228 1186 2294 Fortuna
1208 2220 1378 2311 gubernet,

380 2363 408 2402 co
468 2337 560 2420 Quae
582 2340 715 2400 maneat
738 2335 861 2418 stabili,
885 2354 957 2400 cum
979 2333 1068 2417 fugit
1089 2334 1157 2418 illa,
1180 2336 1270 2416 pede.

425 2443 526 2524 Siqua
549 2447 659 2507 tamen
682 2439 708 2527 †
730 2441 872 2522 pretium
896 2441 960 2507 sibi
982 2455 1105 2506 merces
1132 2441 1205 2522 ipsa
1226 2441 1376 2522 petitum,

469 2549 573 2630 Inque
595 2567 710 2630 parum
733 2547 831 2613 laetis
855 2535 958 2613 ardua
981 2548 1078 2613 rebus
1102 2549 1204 2630 adest,

425 2656 472 2722 Ut
495 2659 623 2735 tempus
646 2673 804 2737 numeres,
827 2673 887 2736 per
909 2654 1040 2720 saecula
1063 2654 1154 2720 nulla
1176 2657 1315 2736 tacetur,

469 2761 515 2827 Et
538 2761 610 2826 loca
632 2760 802 2844 mirantur,
826 2779 891 2841 qua
913 2765 1008 2841 patet
1031 2761 1119 2827 orbis
1141 2761 1220 2847 iter..

380 2895 407 2935 aa
423 2867 562 2950 Aspicis,
586 2873 624 2932 ut
646 2867 743 2950 longo
766 2872 881 2932 toneat
903 2866 1079 2932 laudabilis
1103 2885 1185 2934 aevo

467 2974 590 3038 Nomen
613 2973 830 3039 inextinctum
853 2973 1036 3054 Penelopea
1058 2973 1158 3040 fides?

425 3079 545 3161 Cernis
569 3084 607 3144 ut
629 3079 762 3144 Admeti
785 3083 938 3144 cantetur
963 3083 997 3145 et
1019 3079 1172 3146 Hectoris
1194 3098 1278 3145 uxor

469 3187 625 3266 Ansaque
647 3185 681 3249 in
705 3203 856 3250 accensos
879 3185 991 3266 Iphias
1014 3185 1063 3251 ire
1086 3204 1194 3268 rogos;

425 3293 472 3358 Ut
495 3292 590 3357 vivat
612 3290 702 3356 fama
725 3291 864 3356 coniunx
887 3291 1074 3374 Phylaceia,
1098 3293 1189 3358 cuins

379 3426 407 3463 40
468 3398 604 3463 Iliacam
629 3397 727 3462 celeri
750 3398 803 3463 vir
824 3399 907 3478 pede
929 3398 1050 3478 pressit
1072 3399 1225 3464 humum?

425 3506 533 3569 Morte
555 3503 639 3570 nihil
661 3522 741 3586 opus
765 3509 816 3569 est
838 3521 897 3586 pro
919 3523 979 3587 me,
1003 3506 1060 3570 scd
1084 3523 1193 3570 amore
1214 3504 1353 3584 fideque:

469 3611 542 3675 Non
565 3629 605 3676 ex
630 3609 756 3674 dlificili
778 3609 868 3675 fama
890 3612 1034 3691 petenda
1057 3611 1120 3676 tibi
1143 3615 1202 3676 est.

425 3718 492 3782 Nec
515 3721 549 3781 te
572 3717 757 3799 credideris,
781 3717 859 3797 quia
881 3734 945 3781 non
967 3715 1060 3799 iacis,
1083 3717 1150 3782 ista
1172 3717 1309 3782 moneri!

344 3969 388 4023 17.
426 3967 580 4021 Sinn:Dass
590 3968 637 4020 ich
648 3967 746 4022 immet
755 3968 794 4036 (in
804 3968 914 4021 meinen
959 3967 1040 4020 deine
1064 3965 1212 4020 liebcvolle
1230 3966 1378 4039 Tatiglneit
1403 3967 1498 4020 weiter
1522 3973 1579 4019 ent-

291 4037 448 4092 Gedichten
485 4037 618 4104 ndimlich)
658 4038 721 4091 dein
758 4037 819 4090 Lob
856 4054 913 4091 ver·
957 4035 1046 4090 falten
1064 4036 1174 4089 lrannst.

290 4107 392 4160 klinde.
1010 4106 1056 4161 ab.
1093 4105 1193 4176 officio]
1212 4123 1266 4159 von
1284 4108 1370 4161 obstat
1388 4105 1540 4176 abhdngig.

344 4194 389 4249 18.
426 4193 849 4264 indiciss]1,0beserhebungen‚
1010 4175 1055 4230 27.
1091 4191 1120 4228 cc
1149 4176 1308 4246 subduccre]
1344 4174 1403 4228 sich
1435 4174 1579 4228 entziehen

958 4246 1057 4313 (durch
1076 4244 1199 4314 Flucht).

343 4291 388 4345 22·
424 4291 539 4360 imum]
563 4306 604 4372 ²¹¹,
622 4288 835 4370 WWWPWW
857 4288 913 4372 Pi*
1010 4314 1059 4369 40.
1095 4313 1267 4368 Protesilaus
1299 4315 1394 4368 hatrat
1423 4313 1464 4366 als
1494 4319 1580 4367 ersten

291 4360 342 4412 her
366 4359 469 4418 konntc
493 4377 558 4413 man
577 4360 621 4411 dm
644 4376 696 4412 nur
720 4359 811 4412 nichts
829 4357 914 4412 Boreo
958 4384 1012 4437 den
1029 4383 1126 4437 Rode„
1144 4383 1253 4454 Trojgs·

291 4428 464 4499 nachsagen,
485 4431 556 4513 jetnt
579 4429 644 4483 hast
662 4428 701 4482 du
719 4426 913 4499 Gelegenheit
983 4493 986 4498 Ι
1009 4453 1055 4508 43·
1091 4454 1158 4520 quia
1180 4470 1235 4508 mm
1258 4454 1340 4523 sm]
1362 4453 1401 4505 im
1419 4452 1579 4506 Deutsehen

291 4498 604 4569 b0⁵0¹1d³r⁸8⁶lm⁰⁸⁶¹²
621 4516 655 4552 ²¹¹
673 4498 791 4552 werden·
958 4523 1007 4577 der
1018 4521 1209 4592 Konjunktiv:
1229 4524 1290 4578 weil
1309 4523 1347 4576 du
1364 4539 1393 4576 es
1412 4528 1483 4576 etwa
1501 4523 1579 4576 nicht

343 4594 388 4648 23.
425 4595 503 4664 arca]
521 4596 566 4648 cin
587 4593 703 4661 ,Peld“‚
728 4593 779 4646 auf
795 4594 858 4646 dem
876 4593 914 4647 du
957 4593 1043 4646 sehon
1061 4596 1153 4646 tatuit.
