3714 5298
766 449 848 506 uos
865 451 891 519 (ι
902 450 1061 520 sec-sss).

403 625 472 692 Nec
494 629 604 691 tumen
626 629 664 691 ut
686 626 809 706 pm‘mus
831 644 940 692 meere
959 626 1049 692 mele
1071 625 1154 692 tuiis
1175 645 1306 708 pessus:

358 755 387 795 ιι
446 729 566 797 Obruit
586 731 738 814 ingentes
760 731 828 797 ists
849 731 993 813 procelle
1014 732 1112 799 vinos

401 837 523 903 Passus
544 837 630 903 idem
652 841 711 920 est
734 837 844 920 Tyriis
867 838 924 919 qui
946 839 1106 918 quondam
1128 838 1240 920 pulsus
1261 840 1304 905 ab
1327 841 1392 906 osis

445 943 583 1010 Cadmus
605 943 640 1009 iu
662 944 772 1008 Aonie
794 943 943 1010 constitit
966 945 1041 1010 exul
1063 945 1173 1010 humo:

399 1049 519 1116 Passus
540 1050 627 1115 idem
649 1050 780 1132 'Pydeus
803 1054 838 1116 et
859 1051 946 1115 idsm
967 1050 1135 1132 Psguseus
1156 1050 1262 1135 Iason,
1317 1101 1318 1106 ,

442 1155 490 1221 Et
512 1173 591 1236 quos
613 1160 787 1237 praeterea
807 1156 909 1239 longa
930 1155 1054 1222 referre
1076 1175 1167 1222 more
1189 1161 1249 1224 est.

352 1287 380 1328 ιι
396 1259 498 1327 Omne
520 1261 623 1327 solum
645 1261 725 1328 forti
747 1262 858 1342 putria
880 1264 939 1344 est,
962 1266 1001 1327 ut
1022 1262 1165 1343 piscibus
1188 1281 1317 1347 aequor,

440 1367 488 1434 Ut
509 1367 636 1434 volucri
656 1385 761 1433 vacuo
784 1368 940 1448 quidquid
961 1369 997 1433 in
1020 1369 1099 1435 orbe
1119 1373 1223 1450 patet.

393 1473 462 1539 Nec
484 1473 756 1555 temtempestas
778 1477 849 1540 totc
872 1478 982 1540 tumen
1004 1475 1117 1540 horret
1138 1475 1174 1540 in
1197 1493 1289 1541 suno.

436 1579 483 1645 Et
505 1580 570 1646 tibi
592 1617 637 1626 —
660 1581 754 1646 crede
777 1580 869 1645 mihi!
892 1617 938 1626 —
959 1585 1108 1662 tempora
1130 1581 1218 1648 veris
1241 1582 1357 1647 esunt!

392 1685 535 1752 Vocibus
557 1686 714 1754 Evander
735 1687 865 1753 mmats
887 1691 996 1752 mente
1019 1687 1165 1767 parentis

348 1816 375 1856 ec
435 1791 530 1860 Nave
552 1797 643 1858 secat
665 1792 792 1874 fluctus,
815 1792 1073 1873 Hespenamqne
1094 1795 1196 1858 tcuct.

393 1897 528 1980 Iamque
549 1903 655 1964 ratem
677 1899 799 1964 docme·
816 1897 942 1990 monitu
965 1897 1147 1964 Carmentis
1169 1899 1204 1964 in
1228 1917 1354 1966 amnem

324 2077 327 2082 ,
437 2004 572 2088 Egebat
596 2008 630 2071 et
653 2005 768 2070 Tuscis
790 2004 906 2072 obvius
928 2004 1000 2069 ibat
1023 2005 1125 2085 equis.

390 2109 551 2177 Fiuminis
573 2111 633 2176 illu
653 2111 751 2193 letus,
775 2111 827 2176 cui
849 2113 927 2176 sunt
950 2111 1037 2177 vada
1058 2110 1172 2176 iuncta
1194 2112 1339 2194 Tenenti,
1366 2135 1367 2138 ¹

436 2217 566 2299 Aspicit
588 2222 623 2284 ct
645 2235 776 2299 sparsas
798 2235 858 2298 per
878 2217 952 2283 locs
973 2217 1044 2282 solc
1066 2235 1171 2300 casas3
1326 2281 1331 2294 ,

347 2323 501 2414 esthue
524 2328 605 2407 crat
628 2324 780 2390 immissis
803 2341 942 2405 puppem
965 2323 1061 2388 stetit
1083 2328 1161 2390 ante
1184 2324 1320 2408 capillis,

437 2428 670 2511 Continuitque
691 2448 822 2495 manum
844 2433 942 2496 torve
964 2430 1109 2512 regentis
1130 2429 1204 2495 iter.

392 2535 438 2600 ut
460 2535 574 2617 procul
594 2537 630 2601 in
653 2538 802 2601 dextrum
824 2536 962 2601 tendens
984 2553 1045 2600 suu
1066 2535 1221 2601 bracchia
1241 2537 1347 2618 uipsm

435 2641 540 2707 Pinea
561 2659 626 2707 nou
648 2659 727 2706 suno
750 2646 803 2705 ter
825 2642 908 2722 pede
929 2645 1025 2706 textu
1047 2640 1139 2722 ienit3

390 2747 482 2814 Neve
504 2748 600 2813 daret
623 2747 743 2813 scitum
765 2747 943 2828 properans
964 2747 1118 2813 insistere
1139 2750 1258 2830 temus

347 2879 375 2918 ιι
435 2854 503 2919 Vix
525 2858 576 2919 est
597 2853 746 2920 Evandri
769 2854 890 2935 vixque
912 2857 1045 2919 retente
1066 2871 1172 2919 manu

392 2959 517 3040 ‘Di’que
539 2960 733 3041 ‘petitomm'
757 2960 841 3024 dixit
863 2959 1000 3028 ‘salvete
1022 2960 1174 3043 locorum,

437 3066 552 3147 Tuque
574 3084 676 3134 novos
699 3066 789 3132 caelu
812 3070 903 3131 terra
925 3067 1045 3131 datura
1067 3067 1152 3147 deos,

391 3170 608 3254 Fluminaque
631 3178 666 3239 et
687 3173 804 3255 fontes,
827 3171 945 3253 quibus
967 3172 1074 3237 utitur
1094 3170 1228 3252 hospite
1249 3171 1357 3256 tellus,

435 3279 483 3345 Et
504 3297 670 3345 nemorum
691 3279 854 3360 nymphae
875 3279 1093 3358 naiadumque
1116 3278 1217 3344 chosi!

347 3410 375 3451 ιι
390 3385 472 3451 Este
494 3385 587 3454 bonis
610 3385 727 3451 avibus
750 3384 815 3451 visi
837 3389 980 3465 metuque
1000 3384 1153 3469 mihique,

434 3492 584 3573 Ripaque
605 3490 696 3557 felici
717 3494 811 3556 tuctu
832 3491 877 3556 sit
898 3491 965 3555 ista
986 3491 1081 3571 pedet

390 3597 514 3682 Pallor,
537 3616 580 3663 nn
601 3598 637 3662 bi
658 3597 740 3664 fient
760 3596 911 3679 ingentia
932 3596 1070 3682 moenia,
1082 3595 1188 3679 colles,

434 3704 577 3785 Iuraque
599 3705 641 3770 ab
664 3705 727 3769 buc
748 3707 840 3769 ternu
861 3705 973 3769 cetera
994 3707 1085 3768 terra
1107 3700 1221 3784 petet?

390 3811 557 3877 Montibus
579 3811 631 3876 bis
654 3810 731 3876 olim
752 3812 844 3875 totus
865 3809 1070 3890 promittitur
1092 3809 1188 3875 orbis.

346 3942 374 3984 ιο
434 3916 514 4000 Quis
536 3920 666 3981 tuntum
689 3915 753 3980 fati
776 3916 889 3980 credat
910 3915 1032 3981 babere
1053 3913 1180 3980 locum?

329 4157 374 4214 lc.
409 4163 442 4212 ut
469 4159 575 4226 psincus
595 4159 709 4228 pascuis]
735 4181 771 4204 =
798 4157 879 4228 quasi
921 4157 996 4226 (weil
1014 4155 1055 4212 sie
1073 4156 1119 4210 die
1137 4154 1262 4210 anunft
1279 4155 1544 4224 debit—repectit

257 4227 364 4298 primus
381 4243 478 4297 passus
495 4243 574 4282 emes
921 4228 984 4297 iter]
1002 4225 1051 4280 des
1068 4225 1290 4308 Steuermsnnes.

260 4391 269 4402 -
328 4298 374 4422 {32
409 4296 803 4489 Qfssffssffiuztu'.
923 4296 1048 4420 ειιιὲἶὶ.
1068 4292 1543 4434 ῗᾝιῖίῖιῖοῗῗιῗῖἐξιῖοῗξῗῖ

327 4437 373 4492 33.
408 4436 470 4520 illc]
514 4436 542 4519 ic
566 4435 679 4490 Mutter.
697 4467 732 4475 —
777 4435 880 4520 csend]
922 4435 1085 4490 Deutscben
1103 4432 1256 4488 adverbiell
1272 4449 1308 4486 ιιιι
1326 4432 1401 4498 ferit.
1538 4477 1539 4484 ,

257 4504 880 4646 Ναωὲἓιεᾞέωὲῐὶᾱθέἷέαὲὲῗαὲῖω
993 4504 1039 4561 sb.
1073 4505 1174 4594 tultum
1192 4503 1267 4572 darc]
1284 4502 1451 4556 eunuchcln.
