<?xml version="1.0" encoding="UTF-8"?>
<!DOCTYPE html PUBLIC "-//W3C//DTD XHTML 1.0 Transitional//EN"
    "http://www.w3.org/TR/xhtml1/DTD/xhtml1-transitional.dtd">
<html xmlns="http://www.w3.org/1999/xhtml" xml:lang="en" lang="en">
 <head>
  <title>
</title>
<meta http-equiv="Content-Type" content="text/html;charset=utf-8" />
  <meta name='ocr-system' content='tesseract 3.04.00' />
  <meta name='ocr-capabilities' content='ocr_page ocr_carea ocr_par ocr_line ocrx_word'/>
</head>
<body>
  <div class='ocr_page' id='page_1' title='image "./fastitristiaepi00ovidgoog_0140.png"; bbox 0 0 3716 5292; ppageno 0'>
   <div class='ocr_carea' id='block_1_1' title="bbox 739 478 1031 550">
    <p class='ocr_par' dir='ltr' id='par_1_1' title="bbox 739 478 1031 550">
     <span class='ocr_line' id='line_1_1' title="bbox 739 478 1031 550; baseline 0.003 -17"><span class='ocrx_word' id='word_1_1' title='bbox 739 478 1031 550; x_wconf 65' lang='lat' dir='ltr'>mmmnmp</span> 
     </span>
    </p>
   </div>
   <div class='ocr_carea' id='block_1_2' title="bbox 333 653 1529 4144">
    <p class='ocr_par' dir='ltr' id='par_1_2' title="bbox 333 653 1529 4144">
     <span class='ocr_line' id='line_1_2' title="bbox 333 653 1216 739; baseline 0.007 -20"><span class='ocrx_word' id='word_1_2' title='bbox 333 680 363 719; x_wconf 78' lang='lat' dir='ltr'>ao</span> <span class='ocrx_word' id='word_1_3' title='bbox 424 653 472 719; x_wconf 92' lang='lat' dir='ltr'>Ne</span> <span class='ocrx_word' id='word_1_4' title='bbox 495 672 568 719; x_wconf 88' lang='lat' dir='ltr'>mea</span> <span class='ocrx_word' id='word_1_5' title='bbox 591 654 808 720; x_wconf 69' lang='lat' dir='ltr'>samnaticum</span> <span class='ocrx_word' id='word_1_6' title='bbox 832 661 988 739; x_wconf 88' lang='lat' dir='ltr'>contegat</span> <span class='ocrx_word' id='word_1_7' title='bbox 1010 676 1083 723; x_wconf 91' lang='lat' dir='ltr'>ossa</span> <span class='ocrx_word' id='word_1_8' title='bbox 1106 659 1216 725; x_wconf 90' lang='lat' dir='ltr'>solum.</span> 
     </span>
     <span class='ocr_line' id='line_1_3' title="bbox 380 759 1243 847; baseline 0.008 -23"><span class='ocrx_word' id='word_1_9' title='bbox 380 759 458 824; x_wconf 81' lang='lat' dir='ltr'>Cum</span> <span class='ocrx_word' id='word_1_10' title='bbox 482 761 579 842; x_wconf 84' lang='lat' dir='ltr'><strong>subit,</strong></span> <span class='ocrx_word' id='word_1_11' title='bbox 603 761 746 842; x_wconf 79' lang='lat' dir='ltr'>Augusti</span> <span class='ocrx_word' id='word_1_12' title='bbox 768 779 853 842; x_wconf 92' lang='lat' dir='ltr'>quae</span> <span class='ocrx_word' id='word_1_13' title='bbox 875 763 920 828; x_wconf 89' lang='lat' dir='ltr'>sit</span> <span class='ocrx_word' id='word_1_14' title='bbox 943 763 1124 847; x_wconf 89' lang='lat' dir='ltr'>clementia,</span> <span class='ocrx_word' id='word_1_15' title='bbox 1148 768 1243 831; x_wconf 86' lang='lat' dir='ltr'>credo</span> 
     </span>
     <span class='ocr_line' id='line_1_4' title="bbox 424 861 1086 950; baseline 0.006 -19"><span class='ocrx_word' id='word_1_16' title='bbox 424 861 538 931; x_wconf 87' lang='lat' dir='ltr'>Mollia</span> <span class='ocrx_word' id='word_1_17' title='bbox 560 866 743 948; x_wconf 78' lang='lat' dir='ltr'>naufragiis</span> <span class='ocrx_word' id='word_1_18' title='bbox 766 867 867 933; x_wconf 87' lang='lat' dir='ltr'>litora</span> <span class='ocrx_word' id='word_1_19' title='bbox 888 887 982 950; x_wconf 92' lang='lat' dir='ltr'>posse</span> <span class='ocrx_word' id='word_1_20' title='bbox 1006 869 1086 935; x_wconf 89' lang='lat' dir='ltr'>dari.</span> 
     </span>
     <span class='ocr_line' id='line_1_5' title="bbox 381 971 1322 1060; baseline 0.006 -23"><span class='ocrx_word' id='word_1_21' title='bbox 381 973 460 1038; x_wconf 80' lang='lat' dir='ltr'>Cum</span> <span class='ocrx_word' id='word_1_22' title='bbox 483 971 586 1055; x_wconf 89' lang='lat' dir='ltr'>video,</span> <span class='ocrx_word' id='word_1_23' title='bbox 610 991 707 1053; x_wconf 90' lang='lat' dir='ltr'>quam</span> <span class='ocrx_word' id='word_1_24' title='bbox 730 973 797 1039; x_wconf 89' lang='lat' dir='ltr'>sint</span> <span class='ocrx_word' id='word_1_25' title='bbox 820 993 893 1040; x_wconf 94' lang='lat' dir='ltr'>mea</span> <span class='ocrx_word' id='word_1_26' title='bbox 915 974 989 1041; x_wconf 85' lang='lat' dir='ltr'>iata</span> <span class='ocrx_word' id='word_1_27' title='bbox 1011 977 1151 1059; x_wconf 91' lang='lat' dir='ltr'>tenacia,</span> <span class='ocrx_word' id='word_1_28' title='bbox 1175 977 1322 1060; x_wconf 80' lang='lat' dir='ltr'>frangor3</span> 
     </span>
     <span class='ocr_line' id='line_1_6' title="bbox 424 1080 1190 1162; baseline 0.003 -16"><span class='ocrx_word' id='word_1_29' title='bbox 424 1081 568 1160; x_wconf 79' lang='lat' dir='ltr'>Spesque</span> <span class='ocrx_word' id='word_1_30' title='bbox 590 1080 674 1146; x_wconf 87' lang='lat' dir='ltr'>levis</span> <span class='ocrx_word' id='word_1_31' title='bbox 697 1097 814 1162; x_wconf 86' lang='lat' dir='ltr'>magno</span> <span class='ocrx_word' id='word_1_32' title='bbox 838 1082 929 1147; x_wconf 89' lang='lat' dir='ltr'>victa</span> <span class='ocrx_word' id='word_1_33' title='bbox 952 1083 1069 1148; x_wconf 85' lang='lat' dir='ltr'>timore</span> <span class='ocrx_word' id='word_1_34' title='bbox 1093 1084 1190 1148; x_wconf 85' lang='lat' dir='ltr'>cadit.</span> 
     </span>
     <span class='ocr_line' id='line_1_7' title="bbox 333 1185 1282 1271; baseline 0.006 -22"><span class='ocrx_word' id='word_1_35' title='bbox 333 1209 362 1250; x_wconf 75' lang='lat' dir='ltr'>aa</span> <span class='ocrx_word' id='word_1_36' title='bbox 378 1186 446 1252; x_wconf 90' lang='lat' dir='ltr'>Nec</span> <span class='ocrx_word' id='word_1_37' title='bbox 468 1190 579 1252; x_wconf 86' lang='lat' dir='ltr'>tamen</span> <span class='ocrx_word' id='word_1_38' title='bbox 602 1185 739 1252; x_wconf 87' lang='lat' dir='ltr'>ulterius</span> <span class='ocrx_word' id='word_1_39' title='bbox 763 1187 935 1267; x_wconf 89' lang='lat' dir='ltr'>quicquam</span> <span class='ocrx_word' id='word_1_40' title='bbox 958 1206 1095 1269; x_wconf 86' lang='lat' dir='ltr'>sperove</span> <span class='ocrx_word' id='word_1_41' title='bbox 1117 1208 1282 1271; x_wconf 88' lang='lat' dir='ltr'>precorve,</span> 
     </span>
     <span class='ocr_line' id='line_1_8' title="bbox 425 1292 1141 1376; baseline 0.003 -18"><span class='ocrx_word' id='word_1_42' title='bbox 425 1292 530 1376; x_wconf 90' lang='lat' dir='ltr'>Quam</span> <span class='ocrx_word' id='word_1_43' title='bbox 553 1292 637 1357; x_wconf 88' lang='lat' dir='ltr'>male</span> <span class='ocrx_word' id='word_1_44' title='bbox 660 1297 786 1358; x_wconf 90' lang='lat' dir='ltr'>mutato</span> <span class='ocrx_word' id='word_1_45' title='bbox 809 1311 903 1374; x_wconf 87' lang='lat' dir='ltr'>posse</span> <span class='ocrx_word' id='word_1_46' title='bbox 926 1313 1039 1360; x_wconf 90' lang='lat' dir='ltr'>carere</span> <span class='ocrx_word' id='word_1_47' title='bbox 1061 1295 1141 1361; x_wconf 92' lang='lat' dir='ltr'>loco.</span> 
     </span>
     <span class='ocr_line' id='line_1_9' title="bbox 381 1397 1320 1482; baseline 0.002 -18"><span class='ocrx_word' id='word_1_48' title='bbox 381 1402 450 1465; x_wconf 87' lang='lat' dir='ltr'>Aut</span> <span class='ocrx_word' id='word_1_49' title='bbox 472 1400 542 1482; x_wconf 92' lang='lat' dir='ltr'>hoc,</span> <span class='ocrx_word' id='word_1_50' title='bbox 566 1403 625 1464; x_wconf 90' lang='lat' dir='ltr'>aut</span> <span class='ocrx_word' id='word_1_51' title='bbox 647 1397 729 1464; x_wconf 87' lang='lat' dir='ltr'>nihil</span> <span class='ocrx_word' id='word_1_52' title='bbox 753 1404 812 1482; x_wconf 89' lang='lat' dir='ltr'>est,</span> <span class='ocrx_word' id='word_1_53' title='bbox 835 1417 894 1480; x_wconf 91' lang='lat' dir='ltr'>pro</span> <span class='ocrx_word' id='word_1_54' title='bbox 917 1418 968 1464; x_wconf 92' lang='lat' dir='ltr'>me</span> <span class='ocrx_word' id='word_1_55' title='bbox 991 1403 1154 1481; x_wconf 88' lang='lat' dir='ltr'>temptare</span> <span class='ocrx_word' id='word_1_56' title='bbox 1177 1404 1320 1467; x_wconf 79' lang='lat' dir='ltr'><strong>modeste</strong></span> 
     </span>
     <span class='ocr_line' id='line_1_10' title="bbox 425 1504 1179 1588; baseline -0.001 -16"><span class='ocrx_word' id='word_1_57' title='bbox 425 1505 545 1573; x_wconf 80' lang='lat' dir='ltr'>Gratia</span> <span class='ocrx_word' id='word_1_58' title='bbox 568 1507 652 1585; x_wconf 93' lang='lat' dir='ltr'>qnod</span> <span class='ocrx_word' id='word_1_59' title='bbox 675 1504 767 1571; x_wconf 91' lang='lat' dir='ltr'>salvo</span> <span class='ocrx_word' id='word_1_60' title='bbox 790 1510 904 1571; x_wconf 88' lang='lat' dir='ltr'>vestra</span> <span class='ocrx_word' id='word_1_61' title='bbox 926 1508 1048 1586; x_wconf 90' lang='lat' dir='ltr'>pudore</span> <span class='ocrx_word' id='word_1_62' title='bbox 1071 1513 1179 1588; x_wconf 81' lang='lat' dir='ltr'>queat.</span> 
     </span>
     <span class='ocr_line' id='line_1_11' title="bbox 380 1611 1226 1697; baseline 0 -18"><span class='ocrx_word' id='word_1_63' title='bbox 380 1613 523 1694; x_wconf 86' lang='lat' dir='ltr'>Suscipe,</span> <span class='ocrx_word' id='word_1_64' title='bbox 545 1612 712 1678; x_wconf 84' lang='lat' dir='ltr'>Romanae</span> <span class='ocrx_word' id='word_1_65' title='bbox 734 1611 896 1694; x_wconf 82' lang='lat' dir='ltr'>facundia,</span> <span class='ocrx_word' id='word_1_66' title='bbox 920 1614 1071 1697; x_wconf 85' lang='lat' dir='ltr'>Maxime,</span> <span class='ocrx_word' id='word_1_67' title='bbox 1093 1613 1226 1696; x_wconf 85' lang='lat' dir='ltr'>linguae</span> 
     </span>
     <span class='ocr_line' id='line_1_12' title="bbox 334 1717 1068 1799; baseline 0 -14"><span class='ocrx_word' id='word_1_68' title='bbox 334 1747 363 1785; x_wconf 69' lang='lat' dir='ltr'>ao</span> <span class='ocrx_word' id='word_1_69' title='bbox 423 1717 577 1785; x_wconf 82' lang='lat' dir='ltr'>Difficilis</span> <span class='ocrx_word' id='word_1_70' title='bbox 601 1736 718 1784; x_wconf 90' lang='lat' dir='ltr'>causae</span> <span class='ocrx_word' id='word_1_71' title='bbox 741 1717 821 1784; x_wconf 90' lang='lat' dir='ltr'>mite</span> <span class='ocrx_word' id='word_1_72' title='bbox 844 1719 1068 1799; x_wconf 77' lang='lat' dir='ltr'>patrocinium.</span> 
     </span>
     <span class='ocr_line' id='line_1_13' title="bbox 381 1824 1232 1908; baseline -0.002 -15"><span class='ocrx_word' id='word_1_73' title='bbox 381 1827 443 1893; x_wconf 83' lang='lat' dir='ltr'>Est</span> <span class='ocrx_word' id='word_1_74' title='bbox 466 1826 561 1908; x_wconf 88' lang='lat' dir='ltr'>mala,</span> <span class='ocrx_word' id='word_1_75' title='bbox 586 1824 752 1890; x_wconf 90' lang='lat' dir='ltr'>confiteor:</span> <span class='ocrx_word' id='word_1_76' title='bbox 776 1826 833 1890; x_wconf 92' lang='lat' dir='ltr'>sed</span> <span class='ocrx_word' id='word_1_77' title='bbox 856 1829 890 1890; x_wconf 91' lang='lat' dir='ltr'>te</span> <span class='ocrx_word' id='word_1_78' title='bbox 912 1826 999 1891; x_wconf 87' lang='lat' dir='ltr'>bona</span> <span class='ocrx_word' id='word_1_79' title='bbox 1020 1826 1077 1891; x_wconf 92' lang='lat' dir='ltr'>fiet</span> <span class='ocrx_word' id='word_1_80' title='bbox 1100 1831 1232 1908; x_wconf 84' lang='lat' dir='ltr'>agente:</span> 
     </span>
     <span class='ocr_line' id='line_1_14' title="bbox 424 1929 1529 2026; baseline -0.001 -28"><span class='ocrx_word' id='word_1_81' title='bbox 424 1933 529 1998; x_wconf 89' lang='lat' dir='ltr'>Lenia</span> <span class='ocrx_word' id='word_1_82' title='bbox 552 1949 610 2012; x_wconf 91' lang='lat' dir='ltr'>pro</span> <span class='ocrx_word' id='word_1_83' title='bbox 634 1932 752 1996; x_wconf 91' lang='lat' dir='ltr'>misera</span> <span class='ocrx_word' id='word_1_84' title='bbox 774 1929 829 1996; x_wconf 82' lang='lat' dir='ltr'>iac</span> <span class='ocrx_word' id='word_1_85' title='bbox 851 1933 944 1997; x_wconf 90' lang='lat' dir='ltr'>modo</span> <span class='ocrx_word' id='word_1_86' title='bbox 966 1934 1070 1999; x_wconf 90' lang='lat' dir='ltr'>verba</span> <span class='ocrx_word' id='word_1_87' title='bbox 1092 1932 1181 2014; x_wconf 82' lang='lat' dir='ltr'>fuga.</span> <span class='ocrx_word' id='word_1_88' title='bbox 1526 2019 1529 2026; x_wconf 85' lang='lat'><em>.</em></span> 
     </span>
     <span class='ocr_line' id='line_1_15' title="bbox 380 2023 1524 2121; baseline -0.002 -16"><span class='ocrx_word' id='word_1_89' title='bbox 380 2039 493 2105; x_wconf 82' lang='lat' dir='ltr'>Nescit</span> <span class='ocrx_word' id='word_1_90' title='bbox 516 2039 600 2104; x_wconf 91' lang='lat' dir='ltr'>enim</span> <span class='ocrx_word' id='word_1_91' title='bbox 624 2037 754 2120; x_wconf 81' lang='lat' dir='ltr'>Caesar,</span> <span class='ocrx_word' id='word_1_92' title='bbox 778 2038 927 2117; x_wconf 86' lang='lat' dir='ltr'>quamvis</span> <span class='ocrx_word' id='word_1_93' title='bbox 950 2038 1028 2104; x_wconf 90' lang='lat' dir='ltr'>deus</span> <span class='ocrx_word' id='word_1_94' title='bbox 1051 2039 1158 2104; x_wconf 91' lang='lat' dir='ltr'>omnia</span> <span class='ocrx_word' id='word_1_95' title='bbox 1180 2039 1277 2121; x_wconf 88' lang='lat' dir='ltr'>norit,</span> <span class='ocrx_word' id='word_1_96' title='bbox 1496 2023 1524 2076; x_wconf 42' lang='lat'>&#39;¹¹&#39;</span> 
     </span>
     <span class='ocr_line' id='line_1_16' title="bbox 425 2144 1130 2225; baseline -0.001 -14"><span class='ocrx_word' id='word_1_97' title='bbox 425 2145 568 2212; x_wconf 85' lang='lat' dir='ltr'>Ultimus</span> <span class='ocrx_word' id='word_1_98' title='bbox 591 2144 645 2209; x_wconf 90' lang='lat' dir='ltr'>hic</span> <span class='ocrx_word' id='word_1_99' title='bbox 667 2162 732 2225; x_wconf 92' lang='lat' dir='ltr'>qua</span> <span class='ocrx_word' id='word_1_100' title='bbox 755 2145 799 2209; x_wconf 91' lang='lat' dir='ltr'>sit</span> <span class='ocrx_word' id='word_1_101' title='bbox 823 2144 1010 2210; x_wconf 89' lang='lat' dir='ltr'>condicione</span> <span class='ocrx_word' id='word_1_102' title='bbox 1032 2144 1130 2210; x_wconf 84' lang='lat' dir='ltr'>loona.</span> 
     </span>
     <span class='ocr_line' id='line_1_17' title="bbox 335 2249 1215 2334; baseline -0.002 -16"><span class='ocrx_word' id='word_1_103' title='bbox 335 2278 363 2317; x_wconf 76' lang='lat' dir='ltr'>a</span> <span class='ocrx_word' id='word_1_104' title='bbox 378 2254 502 2334; x_wconf 81' lang='lat' dir='ltr'>Magna</span> <span class='ocrx_word' id='word_1_105' title='bbox 524 2254 640 2317; x_wconf 89' lang='lat' dir='ltr'>tenent</span> <span class='ocrx_word' id='word_1_106' title='bbox 662 2249 744 2316; x_wconf 88' lang='lat' dir='ltr'>illud</span> <span class='ocrx_word' id='word_1_107' title='bbox 766 2268 884 2316; x_wconf 90' lang='lat' dir='ltr'>numen</span> <span class='ocrx_word' id='word_1_108' title='bbox 906 2251 1072 2316; x_wconf 88' lang='lat' dir='ltr'>molimina</span> <span class='ocrx_word' id='word_1_109' title='bbox 1094 2270 1215 2333; x_wconf 82' lang='lat' dir='ltr'>rerum3</span> 
     </span>
     <span class='ocr_line' id='line_1_18' title="bbox 424 2356 1138 2437; baseline -0.001 -14"><span class='ocrx_word' id='word_1_110' title='bbox 424 2359 516 2425; x_wconf 86' lang='lat' dir='ltr'>Haec</span> <span class='ocrx_word' id='word_1_111' title='bbox 539 2363 590 2423; x_wconf 89' lang='lat' dir='ltr'>est</span> <span class='ocrx_word' id='word_1_112' title='bbox 613 2356 747 2422; x_wconf 90' lang='lat' dir='ltr'>caelesti</span> <span class='ocrx_word' id='word_1_113' title='bbox 769 2362 902 2437; x_wconf 84' lang='lat' dir='ltr'>pectore</span> <span class='ocrx_word' id='word_1_114' title='bbox 924 2375 1003 2422; x_wconf 91' lang='lat' dir='ltr'>cura</span> <span class='ocrx_word' id='word_1_115' title='bbox 1026 2357 1138 2423; x_wconf 91' lang='lat' dir='ltr'>minor.</span> 
     </span>
     <span class='ocr_line' id='line_1_19' title="bbox 380 2453 1349 2546; baseline -0.002 -16"><span class='ocrx_word' id='word_1_116' title='bbox 380 2466 447 2530; x_wconf 90' lang='lat' dir='ltr'>Nec</span> <span class='ocrx_word' id='word_1_117' title='bbox 470 2468 578 2546; x_wconf 86' lang='lat' dir='ltr'>vacat,</span> <span class='ocrx_word' id='word_1_118' title='bbox 605 2464 640 2528; x_wconf 91' lang='lat' dir='ltr'>in</span> <span class='ocrx_word' id='word_1_119' title='bbox 663 2481 728 2543; x_wconf 90' lang='lat' dir='ltr'>qna</span> <span class='ocrx_word' id='word_1_120' title='bbox 751 2464 818 2527; x_wconf 90' lang='lat' dir='ltr'>sint</span> <span class='ocrx_word' id='word_1_121' title='bbox 840 2464 939 2544; x_wconf 87' lang='lat' dir='ltr'>positi</span> <span class='ocrx_word' id='word_1_122' title='bbox 962 2464 1095 2546; x_wconf 84' lang='lat' dir='ltr'>regione</span> <span class='ocrx_word' id='word_1_123' title='bbox 1118 2463 1275 2544; x_wconf 81' lang='lat' dir='ltr'>Tomitae,</span> <span class='ocrx_word' id='word_1_124' title='bbox 1347 2453 1349 2458; x_wconf 72' lang='grc'><strong>’</strong></span> 
     </span>
     <span class='ocr_line' id='line_1_20' title="bbox 425 2568 1176 2653; baseline -0.001 -18"><span class='ocrx_word' id='word_1_125' title='bbox 425 2570 599 2653; x_wconf 81' lang='lat' dir='ltr'>Quaerere,</span> <span class='ocrx_word' id='word_1_126' title='bbox 621 2569 758 2634; x_wconf 87' lang='lat' dir='ltr'>finitimo</span> <span class='ocrx_word' id='word_1_127' title='bbox 782 2570 839 2635; x_wconf 86' lang='lat' dir='ltr'>vix</span> <span class='ocrx_word' id='word_1_128' title='bbox 862 2568 934 2634; x_wconf 88' lang='lat' dir='ltr'>loca</span> <span class='ocrx_word' id='word_1_129' title='bbox 956 2574 1036 2635; x_wconf 88' lang='lat' dir='ltr'>nota</span> <span class='ocrx_word' id='word_1_130' title='bbox 1058 2569 1176 2636; x_wconf 70' lang='lat' dir='ltr'>Getae:</span> 
     </span>
     <span class='ocr_line' id='line_1_21' title="bbox 382 2674 1332 2758; baseline -0.002 -17"><span class='ocrx_word' id='word_1_131' title='bbox 382 2678 452 2743; x_wconf 89' lang='lat' dir='ltr'>Aut</span> <span class='ocrx_word' id='word_1_132' title='bbox 475 2675 553 2756; x_wconf 92' lang='lat' dir='ltr'>quid</span> <span class='ocrx_word' id='word_1_133' title='bbox 576 2676 789 2741; x_wconf 84' lang='lat' dir='ltr'>Sauromatae</span> <span class='ocrx_word' id='word_1_134' title='bbox 812 2674 947 2758; x_wconf 79' lang='lat' dir='ltr'>iaciant,</span> <span class='ocrx_word' id='word_1_135' title='bbox 971 2675 1049 2756; x_wconf 90' lang='lat' dir='ltr'>quid</span> <span class='ocrx_word' id='word_1_136' title='bbox 1072 2676 1210 2757; x_wconf 86' lang='lat' dir='ltr'>Iazyges</span> <span class='ocrx_word' id='word_1_137' title='bbox 1233 2693 1332 2756; x_wconf 89' lang='lat' dir='ltr'>acres,</span> 
     </span>
     <span class='ocr_line' id='line_1_22' title="bbox 335 2780 1161 2863; baseline -0.004 -14"><span class='ocrx_word' id='word_1_138' title='bbox 335 2810 364 2849; x_wconf 78' lang='lat' dir='ltr'>so</span> <span class='ocrx_word' id='word_1_139' title='bbox 425 2783 586 2863; x_wconf 80' lang='lat' dir='ltr'>Cultaque</span> <span class='ocrx_word' id='word_1_140' title='bbox 609 2780 765 2848; x_wconf 87' lang='lat' dir='ltr'>Oresteae</span> <span class='ocrx_word' id='word_1_141' title='bbox 788 2781 930 2848; x_wconf 81' lang='lat' dir='ltr'>Taurica</span> <span class='ocrx_word' id='word_1_142' title='bbox 953 2787 1044 2847; x_wconf 89' lang='lat' dir='ltr'>terra</span> <span class='ocrx_word' id='word_1_143' title='bbox 1068 2783 1161 2847; x_wconf 90' lang='lat' dir='ltr'>deae:</span> 
     </span>
     <span class='ocr_line' id='line_1_23' title="bbox 381 2887 1337 2973; baseline -0.005 -18"><span class='ocrx_word' id='word_1_144' title='bbox 381 2890 536 2973; x_wconf 78' lang='lat' dir='ltr'>Quaeque</span> <span class='ocrx_word' id='word_1_145' title='bbox 560 2888 647 2953; x_wconf 89' lang='lat' dir='ltr'>aliae</span> <span class='ocrx_word' id='word_1_146' title='bbox 669 2892 792 2972; x_wconf 87' lang='lat' dir='ltr'>gentes,</span> <span class='ocrx_word' id='word_1_147' title='bbox 816 2889 873 2953; x_wconf 90' lang='lat' dir='ltr'>ubi</span> <span class='ocrx_word' id='word_1_148' title='bbox 895 2889 1020 2971; x_wconf 80' lang='lat' dir='ltr'>frigore</span> <span class='ocrx_word' id='word_1_149' title='bbox 1043 2887 1191 2954; x_wconf 91' lang='lat' dir='ltr'>constitit</span> <span class='ocrx_word' id='word_1_150' title='bbox 1214 2887 1337 2968; x_wconf 87' lang='lat' dir='ltr'>Hister,</span> 
     </span>
     <span class='ocr_line' id='line_1_24' title="bbox 426 2983 1214 3078; baseline -0.003 -18"><span class='ocrx_word' id='word_1_151' title='bbox 426 2996 518 3061; x_wconf 89' lang='lat' dir='ltr'>Dura</span> <span class='ocrx_word' id='word_1_152' title='bbox 540 3000 651 3060; x_wconf 90' lang='lat' dir='ltr'>meant</span> <span class='ocrx_word' id='word_1_153' title='bbox 675 2983 772 3061; x_wconf 83' lang='lat' dir='ltr'>celeri</span> <span class='ocrx_word' id='word_1_154' title='bbox 796 3001 892 3078; x_wconf 81' lang='lat' dir='ltr'>terga</span> <span class='ocrx_word' id='word_1_155' title='bbox 914 3014 974 3076; x_wconf 90' lang='lat' dir='ltr'>per</span> <span class='ocrx_word' id='word_1_156' title='bbox 996 2995 1100 3060; x_wconf 88' lang='lat' dir='ltr'>amnis</span> <span class='ocrx_word' id='word_1_157' title='bbox 1124 3012 1214 3074; x_wconf 89' lang='lat' dir='ltr'>equo.</span> 
     </span>
     <span class='ocr_line' id='line_1_25' title="bbox 381 3101 1334 3184; baseline -0.004 -17"><span class='ocrx_word' id='word_1_158' title='bbox 381 3102 526 3167; x_wconf 85' lang='lat' dir='ltr'>Maxima</span> <span class='ocrx_word' id='word_1_159' title='bbox 549 3119 624 3181; x_wconf 87' lang='lat' dir='ltr'>pars</span> <span class='ocrx_word' id='word_1_160' title='bbox 648 3103 811 3167; x_wconf 88' lang='lat' dir='ltr'>hominnm</span> <span class='ocrx_word' id='word_1_161' title='bbox 833 3107 959 3184; x_wconf 92' lang='lat' dir='ltr'>necte,</span> <span class='ocrx_word' id='word_1_162' title='bbox 982 3101 1208 3183; x_wconf 88' lang='lat' dir='ltr'>pulcherrima,</span> <span class='ocrx_word' id='word_1_163' title='bbox 1232 3104 1334 3181; x_wconf 84' lang='lat' dir='ltr'>curat,</span> 
     </span>
     <span class='ocr_line' id='line_1_26' title="bbox 425 3208 1161 3290; baseline 0 -17"><span class='ocrx_word' id='word_1_164' title='bbox 425 3208 537 3290; x_wconf 88' lang='lat' dir='ltr'>Roma,</span> <span class='ocrx_word' id='word_1_165' title='bbox 561 3227 621 3274; x_wconf 90' lang='lat' dir='ltr'>nec</span> <span class='ocrx_word' id='word_1_166' title='bbox 643 3209 779 3274; x_wconf 86' lang='lat' dir='ltr'>Ausonii</span> <span class='ocrx_word' id='word_1_167' title='bbox 805 3209 920 3274; x_wconf 87' lang='lat' dir='ltr'>militis</span> <span class='ocrx_word' id='word_1_168' title='bbox 943 3227 1035 3275; x_wconf 90' lang='lat' dir='ltr'>arma</span> <span class='ocrx_word' id='word_1_169' title='bbox 1057 3209 1161 3274; x_wconf 90' lang='lat' dir='ltr'>timet.</span> 
     </span>
     <span class='ocr_line' id='line_1_27' title="bbox 335 3314 1230 3396; baseline -0.003 -14"><span class='ocrx_word' id='word_1_170' title='bbox 335 3343 363 3382; x_wconf 75' lang='lat' dir='ltr'>ae</span> <span class='ocrx_word' id='word_1_171' title='bbox 378 3316 470 3380; x_wconf 86' lang='lat' dir='ltr'>Dant</span> <span class='ocrx_word' id='word_1_172' title='bbox 492 3314 559 3380; x_wconf 90' lang='lat' dir='ltr'>illis</span> <span class='ocrx_word' id='word_1_173' title='bbox 583 3315 707 3381; x_wconf 89' lang='lat' dir='ltr'>animos</span> <span class='ocrx_word' id='word_1_174' title='bbox 731 3333 826 3380; x_wconf 89' lang='lat' dir='ltr'>arcus</span> <span class='ocrx_word' id='word_1_175' title='bbox 848 3316 1030 3396; x_wconf 90' lang='lat' dir='ltr'>plenaeque</span> <span class='ocrx_word' id='word_1_176' title='bbox 1052 3316 1230 3396; x_wconf 88' lang='lat' dir='ltr'>pharetrae</span> 
     </span>
     <span class='ocr_line' id='line_1_28' title="bbox 426 3421 1251 3505; baseline -0.001 -19"><span class='ocrx_word' id='word_1_177' title='bbox 426 3422 594 3505; x_wconf 91' lang='lat' dir='ltr'>Quamque</span> <span class='ocrx_word' id='word_1_178' title='bbox 617 3421 699 3486; x_wconf 90' lang='lat' dir='ltr'>libet</span> <span class='ocrx_word' id='word_1_179' title='bbox 722 3422 829 3503; x_wconf 80' lang='lat' dir='ltr'>longis</span> <span class='ocrx_word' id='word_1_180' title='bbox 852 3423 999 3488; x_wconf 89' lang='lat' dir='ltr'>cursibus</span> <span class='ocrx_word' id='word_1_181' title='bbox 1023 3425 1119 3502; x_wconf 88' lang='lat' dir='ltr'>aptus</span> <span class='ocrx_word' id='word_1_182' title='bbox 1143 3439 1251 3502; x_wconf 87' lang='lat' dir='ltr'>equus,</span> 
     </span>
     <span class='ocr_line' id='line_1_29' title="bbox 380 3527 1344 3612; baseline -0.004 -18"><span class='ocrx_word' id='word_1_183' title='bbox 380 3528 538 3612; x_wconf 80' lang='lat' dir='ltr'>Quodque</span> <span class='ocrx_word' id='word_1_184' title='bbox 561 3527 650 3594; x_wconf 90' lang='lat' dir='ltr'>sitim</span> <span class='ocrx_word' id='word_1_185' title='bbox 675 3528 817 3593; x_wconf 83' lang='lat' dir='ltr'>didicere</span> <span class='ocrx_word' id='word_1_186' title='bbox 840 3529 896 3592; x_wconf 91' lang='lat' dir='ltr'>diu</span> <span class='ocrx_word' id='word_1_187' title='bbox 918 3527 1062 3592; x_wconf 89' lang='lat' dir='ltr'>tolerare</span> <span class='ocrx_word' id='word_1_188' title='bbox 1084 3527 1275 3608; x_wconf 82' lang='lat' dir='ltr'>famemque,</span> <span class='ocrx_word' id='word_1_189' title='bbox 1342 3530 1344 3535; x_wconf 81' lang='grc'>’</span> 
     </span>
     <span class='ocr_line' id='line_1_30' title="bbox 425 3633 1288 3718; baseline -0.005 -18"><span class='ocrx_word' id='word_1_190' title='bbox 425 3634 582 3718; x_wconf 91' lang='lat' dir='ltr'>Quodque</span> <span class='ocrx_word' id='word_1_191' title='bbox 605 3653 742 3715; x_wconf 90' lang='lat' dir='ltr'>sequens</span> <span class='ocrx_word' id='word_1_192' title='bbox 765 3634 872 3700; x_wconf 87' lang='lat' dir='ltr'>nullas</span> <span class='ocrx_word' id='word_1_193' title='bbox 895 3635 998 3699; x_wconf 89' lang='lat' dir='ltr'>hostis</span> <span class='ocrx_word' id='word_1_194' title='bbox 1020 3633 1156 3698; x_wconf 89' lang='lat' dir='ltr'>habebit</span> <span class='ocrx_word' id='word_1_195' title='bbox 1180 3650 1288 3711; x_wconf 87' lang='lat' dir='ltr'>aquas.</span> 
     </span>
     <span class='ocr_line' id='line_1_31' title="bbox 381 3740 1146 3821; baseline -0.001 -16"><span class='ocrx_word' id='word_1_196' title='bbox 381 3742 437 3806; x_wconf 90' lang='lat' dir='ltr'>Ira</span> <span class='ocrx_word' id='word_1_197' title='bbox 459 3742 524 3807; x_wconf 84' lang='lat' dir='ltr'>viri</span> <span class='ocrx_word' id='word_1_198' title='bbox 546 3741 636 3807; x_wconf 88' lang='lat' dir='ltr'>mitis</span> <span class='ocrx_word' id='word_1_199' title='bbox 659 3759 723 3806; x_wconf 93' lang='lat' dir='ltr'>non</span> <span class='ocrx_word' id='word_1_200' title='bbox 745 3759 797 3806; x_wconf 91' lang='lat' dir='ltr'>me</span> <span class='ocrx_word' id='word_1_201' title='bbox 819 3741 962 3806; x_wconf 90' lang='lat' dir='ltr'>misisset</span> <span class='ocrx_word' id='word_1_202' title='bbox 983 3740 1018 3804; x_wconf 90' lang='lat' dir='ltr'>in</span> <span class='ocrx_word' id='word_1_203' title='bbox 1039 3740 1146 3821; x_wconf 89' lang='lat' dir='ltr'>istam,</span> 
     </span>
     <span class='ocr_line' id='line_1_32' title="bbox 337 3846 1129 3914; baseline -0.003 -1"><span class='ocrx_word' id='word_1_204' title='bbox 337 3875 364 3913; x_wconf 79' lang='lat' dir='ltr'>oo</span> <span class='ocrx_word' id='word_1_205' title='bbox 424 3847 460 3913; x_wconf 85' lang='lat' dir='ltr'>Si</span> <span class='ocrx_word' id='word_1_206' title='bbox 483 3849 565 3913; x_wconf 89' lang='lat' dir='ltr'>satis</span> <span class='ocrx_word' id='word_1_207' title='bbox 587 3849 669 3914; x_wconf 90' lang='lat' dir='ltr'>haec</span> <span class='ocrx_word' id='word_1_208' title='bbox 691 3847 741 3912; x_wconf 92' lang='lat' dir='ltr'>illi</span> <span class='ocrx_word' id='word_1_209' title='bbox 764 3851 844 3912; x_wconf 87' lang='lat' dir='ltr'>nota</span> <span class='ocrx_word' id='word_1_210' title='bbox 866 3846 984 3912; x_wconf 82' lang='lat' dir='ltr'>fuisset</span> <span class='ocrx_word' id='word_1_211' title='bbox 1006 3847 1129 3912; x_wconf 86' lang='lat' dir='ltr'>humus.</span> 
     </span>
     <span class='ocr_line' id='line_1_33' title="bbox 380 3952 1369 4037; baseline -0.004 -19"><span class='ocrx_word' id='word_1_212' title='bbox 380 3954 448 4019; x_wconf 90' lang='lat' dir='ltr'>Nec</span> <span class='ocrx_word' id='word_1_213' title='bbox 470 3973 530 4037; x_wconf 92' lang='lat' dir='ltr'>me,</span> <span class='ocrx_word' id='word_1_214' title='bbox 554 3973 614 4020; x_wconf 92' lang='lat' dir='ltr'>nec</span> <span class='ocrx_word' id='word_1_215' title='bbox 637 3972 830 4036; x_wconf 91' lang='lat' dir='ltr'>quemqnam</span> <span class='ocrx_word' id='word_1_216' title='bbox 852 3954 1032 4019; x_wconf 90' lang='lat' dir='ltr'>Romanum</span> <span class='ocrx_word' id='word_1_217' title='bbox 1055 3953 1177 4035; x_wconf 79' lang='lat' dir='ltr'>gaudet</span> <span class='ocrx_word' id='word_1_218' title='bbox 1201 3952 1243 4017; x_wconf 89' lang='lat' dir='ltr'>ab</span> <span class='ocrx_word' id='word_1_219' title='bbox 1267 3952 1369 4031; x_wconf 86' lang='lat' dir='ltr'>hoste,</span> 
     </span>
     <span class='ocr_line' id='line_1_34' title="bbox 424 4058 1213 4144; baseline -0.005 -18"><span class='ocrx_word' id='word_1_220' title='bbox 424 4063 542 4140; x_wconf 89' lang='lat' dir='ltr'>Meque</span> <span class='ocrx_word' id='word_1_221' title='bbox 565 4061 679 4144; x_wconf 89' lang='lat' dir='ltr'>minus,</span> <span class='ocrx_word' id='word_1_222' title='bbox 702 4063 807 4128; x_wconf 84' lang='lat' dir='ltr'>vitam</span> <span class='ocrx_word' id='word_1_223' title='bbox 831 4059 883 4126; x_wconf 91' lang='lat' dir='ltr'>cui</span> <span class='ocrx_word' id='word_1_224' title='bbox 906 4061 1007 4124; x_wconf 91' lang='lat' dir='ltr'>dabat</span> <span class='ocrx_word' id='word_1_225' title='bbox 1029 4059 1107 4140; x_wconf 90' lang='lat' dir='ltr'>ipse,</span> <span class='ocrx_word' id='word_1_226' title='bbox 1131 4058 1213 4139; x_wconf 90' lang='lat' dir='ltr'>capi.</span> 
     </span>
    </p>
   </div>
   <div class='ocr_carea' id='block_1_3' title="bbox 245 4262 1533 4477">
    <p class='ocr_par' dir='ltr' id='par_1_3' title="bbox 245 4262 1533 4477">
     <span class='ocr_line' id='line_1_35' title="bbox 298 4262 1533 4367; baseline -0.008 -44"><span class='ocrx_word' id='word_1_227' title='bbox 298 4269 344 4367; x_wconf 42' lang='lat'>62⁸·</span> <span class='ocrx_word' id='word_1_228' title='bbox 371 4267 500 4350; x_wconf 29' lang='lat' dir='ltr'>‘Schiche</span> <span class='ocrx_word' id='word_1_229' title='bbox 510 4285 559 4321; x_wconf 88' lang='lat' dir='ltr'>vor</span> <span class='ocrx_word' id='word_1_230' title='bbox 569 4268 672 4322; x_wconf 85' lang='lat' dir='ltr'>diesem</span> <span class='ocrx_word' id='word_1_231' title='bbox 682 4268 769 4323; x_wconf 86' lang='lat' dir='ltr'>Verse</span> <span class='ocrx_word' id='word_1_232' title='bbox 783 4267 871 4335; x_wconf 86' lang='lat' dir='ltr'>,doch</span> <span class='ocrx_word' id='word_1_233' title='bbox 968 4267 1012 4320; x_wconf 74' lang='lat'>75.</span> <span class='ocrx_word' id='word_1_234' title='bbox 1049 4265 1189 4320; x_wconf 77' lang='lat' dir='ltr'>azolimc&#39;aa</span> <span class='ocrx_word' id='word_1_235' title='bbox 1204 4266 1304 4334; x_wconf 79' lang='lat' dir='ltr'>rerum]</span> <span class='ocrx_word' id='word_1_236' title='bbox 1327 4262 1533 4352; x_wconf 73' lang='lat' dir='ltr'>Staatsumwitl-</span> 
     </span>
     <span class='ocr_line' id='line_1_36' title="bbox 245 4338 1533 4477; baseline -0.009 -14"><span class='ocrx_word' id='word_1_237' title='bbox 245 4338 473 4477; x_wconf 52' lang='lat' dir='ltr'>noegss.ffl;ratia</span> <span class='ocrx_word' id='word_1_238' title='bbox 526 4405 747 4474; x_wconf 75' lang='lat' dir='ltr'>Freundschaft3</span> <span class='ocrx_word' id='word_1_239' title='bbox 795 4406 870 4461; x_wconf 72' lang='lat' dir='ltr'>sadoc</span> <span class='ocrx_word' id='word_1_240' title='bbox 913 4351 1030 4462; x_wconf 36' lang='lat' dir='ltr'><strong>zunffi?</strong></span> <span class='ocrx_word' id='word_1_241' title='bbox 1047 4422 1128 4473; x_wconf 79' lang='lat' dir='ltr'>quam</span> <span class='ocrx_word' id='word_1_242' title='bbox 1145 4405 1220 4474; x_wconf 80' lang='lat' dir='ltr'>libet]</span> <span class='ocrx_word' id='word_1_243' title='bbox 1238 4421 1272 4456; x_wconf 83' lang='lat' dir='ltr'>zu</span> <span class='ocrx_word' id='word_1_244' title='bbox 1291 4404 1391 4474; x_wconf 58' lang='lat' dir='ltr'>locaque:</span> <span class='ocrx_word' id='word_1_245' title='bbox 1410 4419 1443 4454; x_wconf 81' lang='lat' dir='ltr'>zu</span> <span class='ocrx_word' id='word_1_246' title='bbox 1456 4417 1533 4454; x_wconf 84' lang='lat' dir='ltr'>wenn</span> 
     </span>
    </p>
   </div>
   <div class='ocr_carea' id='block_1_4' title="bbox 242 4408 1533 4690">
    <p class='ocr_par' dir='ltr' id='par_1_4' title="bbox 242 4408 1533 4690">
     <span class='ocr_line' id='line_1_37' title="bbox 242 4408 1253 4549; baseline -0.005 -19"><span class='ocrx_word' id='word_1_247' title='bbox 242 4476 358 4549; x_wconf 82' lang='lat' dir='ltr'>pudore}</span> <span class='ocrx_word' id='word_1_248' title='bbox 377 4478 450 4530; x_wconf 92' lang='lat' dir='ltr'>ohne</span> <span class='ocrx_word' id='word_1_249' title='bbox 465 4408 519 4530; x_wconf 49' lang='lat' dir='ltr'>jad</span> <span class='ocrx_word' id='word_1_250' title='bbox 532 4477 583 4530; x_wconf 87' lang='lat' dir='ltr'>das</span> <span class='ocrx_word' id='word_1_251' title='bbox 596 4475 797 4548; x_wconf 80' lang='lat' dir='ltr'>Schamgefdhl</span> <span class='ocrx_word' id='word_1_252' title='bbox 810 4493 869 4530; x_wconf 86' lang='lat' dir='ltr'>ver·</span> <span class='ocrx_word' id='word_1_253' title='bbox 914 4475 987 4530; x_wconf 87' lang='lat' dir='ltr'>auch</span> <span class='ocrx_word' id='word_1_254' title='bbox 1006 4475 1077 4529; x_wconf 88' lang='lat' dir='ltr'>noch</span> <span class='ocrx_word' id='word_1_255' title='bbox 1097 4491 1126 4528; x_wconf 91' lang='lat' dir='ltr'>so</span> <span class='ocrx_word' id='word_1_256' title='bbox 1143 4475 1253 4545; x_wconf 87' lang='lat' dir='ltr'>langen.</span> 
     </span>
     <span class='ocr_line' id='line_1_38' title="bbox 245 4541 1533 4612; baseline -0.006 -12"><span class='ocrx_word' id='word_1_257' title='bbox 245 4547 313 4601; x_wconf 83' lang='lat' dir='ltr'>letzt</span> <span class='ocrx_word' id='word_1_258' title='bbox 330 4546 408 4612; x_wconf 80' lang='lat' dir='ltr'>wind,</span> <span class='ocrx_word' id='word_1_259' title='bbox 426 4545 499 4600; x_wconf 90' lang='lat' dir='ltr'>ohne</span> <span class='ocrx_word' id='word_1_260' title='bbox 517 4545 801 4602; x_wconf 79' lang='lat' dir='ltr'>Urbescheidenheit</span> <span class='ocrx_word' id='word_1_261' title='bbox 966 4545 1011 4601; x_wconf 80' lang='lat'>88.</span> <span class='ocrx_word' id='word_1_262' title='bbox 1047 4545 1145 4597; x_wconf 87' lang='lat' dir='ltr'>Iudem</span> <span class='ocrx_word' id='word_1_263' title='bbox 1157 4544 1197 4596; x_wconf 84' lang='lat' dir='ltr'>sie</span> <span class='ocrx_word' id='word_1_264' title='bbox 1209 4541 1333 4594; x_wconf 69' lang='lat' dir='ltr'>ndmlich</span> <span class='ocrx_word' id='word_1_265' title='bbox 1345 4541 1390 4595; x_wconf 86' lang='lat' dir='ltr'>die</span> <span class='ocrx_word' id='word_1_266' title='bbox 1402 4541 1533 4594; x_wconf 89' lang='lat' dir='ltr'>Brunnen</span> 
     </span>
     <span class='ocr_line' id='line_1_39' title="bbox 299 4612 1328 4690; baseline -0.005 -20"><span class='ocrx_word' id='word_1_267' title='bbox 299 4617 343 4672; x_wconf 75' lang='lat'>⁷2.</span> <span class='ocrx_word' id='word_1_268' title='bbox 373 4613 869 4690; x_wconf 75' lang='lat' dir='ltr'>fuanerbannung3ebensoV.130.</span> <span class='ocrx_word' id='word_1_269' title='bbox 914 4614 1053 4685; x_wconf 84' lang='lat' dir='ltr'>vergiften</span> <span class='ocrx_word' id='word_1_270' title='bbox 1071 4614 1138 4668; x_wconf 86' lang='lat' dir='ltr'>oder</span> <span class='ocrx_word' id='word_1_271' title='bbox 1156 4612 1328 4666; x_wconf 80' lang='lat' dir='ltr'>auschdtten.</span> 
     </span>
    </p>
   </div>
   <div class='ocr_carea' id='block_1_5' title="bbox 0 0 1867 5292">
    <p class='ocr_par' dir='ltr' id='par_1_5' title="bbox 0 0 1867 5292">
     <span class='ocr_line' id='line_1_40' title="bbox 0 0 1867 5292; baseline 0 0"><span class='ocrx_word' id='word_1_272' title='bbox 0 0 1867 5292; x_wconf 95' lang='lat' dir='ltr'> </span> 
     </span>
    </p>
   </div>
  </div>
 </body>
</html>
