3716 5292
827 387 945 444 zvaros
966 388 1040 445 nen
1120 359 1122 364 ’

466 549 618 616 Carmina
641 551 798 618 ducebam
821 551 1070 634 qualiacumque
1092 571 1199 618 manu.

422 655 515 720 Nunc
538 673 665 737 quoque
688 657 834 723 contenti
856 657 1002 724 stridunt
1025 658 1178 739 aquilone
1196 657 1360 735 rudentes,

378 784 405 824 1ο
465 761 569 842 Inque
590 764 718 829 modum
741 764 859 830 tumuli
882 783 1027 831 concava
1049 765 1157 847 surgit
1179 782 1273 845 aqua.

422 866 498 947 Ipse
520 869 723 950 gubernator
744 871 864 936 tollens
887 871 930 936 ad
952 871 1062 937 sidera
1084 871 1210 952 palmas

466 973 624 1056 Exposuit
646 976 742 1059 votis,
764 976 920 1043 innemor
941 978 1033 1062 artis,
1056 995 1156 1059 opem.

420 1077 630 1162 ,Quocumque
652 1081 775 1163 aspexi,
798 1083 881 1148 nihil
904 1087 954 1149 est
975 1082 1041 1148 nisi
1062 1083 1176 1148 mortis
1197 1082 1316 1166 imago,

468 1183 572 1268 Quam
596 1187 697 1253 dubia
718 1189 818 1256 timeo
841 1194 958 1273 mente,
980 1188 1163 1270 timensque
1184 1206 1308 1271 precor.

379 1316 407 1357 11
422 1291 576 1374 Attigero
600 1297 738 1378 portum,
761 1299 859 1376 portu
882 1296 1031 1361 terrebor
1054 1295 1202 1376 abipso:

467 1397 547 1464 Plus
569 1399 672 1465 habet
693 1399 818 1466 infesta
840 1405 931 1466 terra
954 1401 1081 1467 timoris
1104 1420 1199 1482 aqna.

424 1503 507 1568 Nam
530 1504 626 1572 simul
647 1505 774 1575 insidiis
796 1507 960 1574 hominum
982 1507 1156 1590 pelagique
1176 1507 1300 1590 laboro,

469 1609 515 1676 Et
537 1609 665 1678 faciunt
686 1613 833 1695 geminos
856 1614 941 1681 ensis
964 1619 999 1681 at
1020 1616 1108 1680 unda
1131 1618 1245 1680 metus.

425 1715 487 1782 Ille
509 1735 579 1783 meo
602 1736 719 1786 vereor
739 1703 782 1786 111
804 1726 914 1802 speret
937 1720 1096 1804 sanguine
1117 1721 1281 1803 praedam,

382 1848 409 1887 so
468 1822 561 1888 Haec
583 1823 717 1890 titulum
740 1831 873 1893 nostrae
895 1827 1009 1893 mortis
1031 1827 1154 1894 habere
1176 1827 1267 1895 uelit.

426 1929 576 1995 Barbara
598 1949 676 2011 pars
698 1931 797 1998 laeva
820 1937 872 1998 est
895 1934 1077 2014 avidaeque
1100 1935 1238 2000 adsueta
1260 1933 1406 2014 rapinae,

470 2032 574 2117 Quam
597 2054 693 2102 cruor
715 2042 750 2102 et
772 2038 889 2104 caedes
910 2039 1063 2119 bellaque
1085 2057 1211 2120 semper
1233 2040 1366 2106 habent

426 2141 569 2222 Cumque
591 2142 636 2208 sit
658 2142 804 2209 hibernis
827 2144 990 2226 agitatum
1013 2145 1167 2211 fluctibus
1190 2163 1319 2227 aequor,

469 2246 610 2313 Pectora
632 2252 711 2314 sunt
732 2248 802 2329 ipso
824 2250 1008 2318 turbidiora
1029 2251 1122 2316 mari.
1319 2335 1323 2344 .

381 2378 409 2420 11
425 2350 496 2435 Quo
519 2354 625 2437 magis
647 2355 698 2420 luis
721 2355 820 2422 debes
842 2357 1020 2441 ignoscere,
1043 2357 1181 2423 candide
1202 2357 1315 2440 lector,

471 2459 507 2526 Si
530 2478 587 2540 spe
610 2466 695 2545 sunt,
719 2467 757 2527 ut
779 2470 865 2546 sunt,
889 2463 1048 2530 inferiora
1070 2468 1139 2530 tua.

427 2565 500 2656 Non
522 2566 604 2632 haec
626 2567 661 2634 in
683 2569 812 2653 nustria,
836 2575 874 2635 ut
897 2571 1067 2653 quondam,
1090 2569 1278 2652 scripsimus
1301 2569 1415 2652 hortis,

472 2673 548 2756 Nec,
573 2679 733 2759 consuete,
755 2694 870 2758 meum,
892 2676 1022 2756 lectule,
1045 2694 1161 2757 corpus
1183 2677 1294 2743 habas.

429 2780 540 2844 Iactor
561 2779 596 2846 in
618 2779 774 2848 indomito
798 2782 940 2849 brumali
962 2783 1034 2849 luce
1056 2782 1225 2866 profundo,

383 2912 413 2951 ιο
472 2886 614 2968 Ipsaque
637 2889 797 2954 caeruleis
820 2889 938 2954 charta
959 2889 1081 2955 feritur
1104 2889 1207 2969 aquia.

429 2992 584 3073 Improba
605 2998 733 3075 pugnat
755 2994 858 3060 hiems
880 2995 1144 3078 indignaturque,
1168 2996 1254 3076 quod
1276 2995 1381 3062 ausim

475 3098 625 3165 Scribere
647 3117 682 3166 se
704 3099 830 3182 rigidas
852 3101 1033 3166 incutiente
1056 3102 1168 3168 minas.

431 3204 552 3270 Vincat
574 3205 676 3271 hiems
698 3206 873 3272 hominem!
896 3208 954 3274 sed
976 3208 1088 3274 eodem
1110 3212 1264 3291 tempore,
1288 3227 1416 3292 quaeso,

475 3311 550 3391 Ipse
573 3312 700 3377 modum
723 3317 870 3379 statuam
893 3314 1054 3398 carminis,
1076 3313 1136 3380 illa
1158 3314 1217 3380 sui.

771 3566 1105 3653 MwfflfflQ

654 3740 863 3808 Kranlrlrclt
882 3740 958 3807 nnd
978 3740 1225 3809 Todesahnon.

432 3915 525 3980 Haec
546 3931 628 3998 maa,
651 3915 680 3981 si
703 3933 782 3982 casu
803 3915 943 4000 miraris,
967 3916 1108 3997 epistula
1130 3934 1232 3998 quare

478 4020 625 4087 Alterius
648 4021 761 4104 digitis
783 4022 987 4103 scriptasit:
1011 4041 1111 4105 aeger
1134 4041 1231 4088 eram.

352 4229 398 4284 19.
433 4225 567 4352 anamael
588 4226 670 4282 struff
693 4233 844 4300 gaspannt,
870 4229 922 4281 mit
1033 4230 1079 4284 811.
1110 4228 1267 4352 profando}
1283 4227 1502 4283 Substaulivum.

300 4301 431 4368 1311110111
447 4315 482 4351 zu
499 4315 548 4352 var
566 4298 660 4351 indeu.
1034 4299 1080 4354 40.
1116 4296 1223 4373 abana]
1268 4315 1298 4352 as
1316 4297 1435 4420 Ρ1Ῡ111,
1456 4295 1508 4350 auf
1522 4295 1587 4350 dem

352 4368 398 4425 25.
434 4368 561 4439 atta‘qcro]
579 4373 697 4438 3111111,
722 4368 769 4422 ich
787 4368 862 4422 habe
880 4385 921 4422 er·
965 4367 1015 4422 der
1032 4367 1152 4423 Dichter
1168 4369 1306 4438 schreibt,
1324 4385 1381 4440 vg.
1399 4383 1435 4420 an
1452 4363 1488 4420 V.
1502 4366 1546 4448 17ἱ

301 4439 400 4493 rcicht.
690 4445 694 4452 ‘
1035 4439 1089 4495 llo.
1107 4437 1153 4494 88.
1195 4440 1223 4496 1.
1259 4441 1285 4492 si
1310 4439 1386 4507 casa]
1415 4451 1493 4490 wenn
1519 4434 1586 4488 1111-

336 4507 382 4563 30.
418 4508 538 4577 titulum]
573 4505 675 4560 Ruhm
965 4507 1066 4577 leicht,
1085 4507 1213 4580 hllufiger
1230 4508 1305 4561 steht
1322 4506 1405 4561 dabir
1422 4505 1445 4559 ei
1463 4505 1544 4559 forte.
