3716 5292
766 469 1039 542 mmmmm

438 645 584 711 Fallitur
606 645 746 712 ancillae
770 647 995 729 decipiturque
1016 647 1119 714 labor.

351 773 377 813 1⁵
393 751 516 818 Fertur
538 755 573 818 et
596 753 741 819 obducta
761 752 942 835 Lyrneside
964 753 1072 820 tristis
1094 753 1240 820 Achilles

439 858 620 926 Haemonia
643 877 738 924 ouras
760 864 949 926 attenuasse
971 860 1055 942 lyra.

395 965 474 1029 (lum
497 964 648 1031 traheret
669 965 771 1033 silves
794 964 941 1046 Orpheus
964 969 999 1031 et
1022 968 1104 1032 dura
1127 967 1269 1032 canendo

439 1070 536 1153 Sana,
558 1071 610 1137 bis
633 1072 752 1137 amissa
774 1071 911 1154 ooniuge
933 1078 1077 1138 maestus
1100 1075 1182 1140 erat

394 1176 449 1245 lle
473 1195 600 1258 quoque
621 1177 717 1243 lluso
738 1178 830 1244 levat
853 1177 952 1244 Ponti
974 1178 1047 1244 loca
1068 1178 1158 1244 iussa
1181 1182 1359 1260 petentem:

351 1308 378 1346 20
437 1282 516 1348 Sola
538 1301 643 1350 oomes
665 1287 798 1350 nostrae
819 1283 969 1364 perstitit
990 1284 1051 1351 illa
1072 1284 1185 1368 lugam

396 1389 474 1455 Sola
495 1406 556 1455 neo
577 1389 722 1474 insidias,
745 1389 833 1456 Sinti
853 1408 915 1456 neo
936 1390 1051 1456 militis
1074 1409 1191 1473 ensem,

440 1496 629 1579 Neomare,
652 1514 713 1562 neo
735 1501 851 1563 ventos
873 1496 1126 1578 barbariamque
1148 1497 1252 1563 timet.

395 1602 466 1668 Scit
489 1621 624 1686 quoque,
647 1621 720 1668 oum
741 1602 834 1686 perii,
857 1602 929 1683 quis
951 1621 1003 1668 me
1025 1602 1191 1684 deceperit
1213 1621 1313 1686 error,
1367 1649 1371 1656 ·

440 1709 487 1774 Et
510 1710 638 1790 oulpom
660 1709 695 1775 in
718 1708 817 1792 iacto,
840 1727 904 1776 non
928 1710 1032 1774 soelus
1055 1727 1126 1775 esse
1147 1728 1227 1793 meo,

353 1836 380 1875 2⁵
395 1813 529 1880 Scilicet
551 1816 612 1881 hoo
634 1815 704 1896 ipso
727 1834 814 1882 nuno
836 1833 951 1898 aequa,
975 1816 1060 1897 quod
1082 1814 1190 1881 obfuit
1213 1820 1299 1898 ante,

442 1921 522 1986 Cum
544 1938 668 1987 meoum
691 1922 796 1988 iunoti
819 1921 963 1988 oriminis
986 1925 1064 1988 octo
1085 1940 1144 1987 reo
1166 1926 1225 1988 est.

398 2026 470 2092 Non
493 2027 641 2108 equidem
664 2029 791 2113 vellem,
815 2029 967 2110 qnoniam
988 2029 1140 2095 nocitura
1161 2027 1304 2111 fuerunt,

442 2133 607 2200 Pieridum
630 2135 732 2200 saeris
754 2135 937 2216 inposuisse
958 2153 1097 2201 manum.

399 2239 462 2305 Sed
485 2258 571 2306 nuno
593 2241 672 2322 quid
694 2240 835 2306 faciam?
873 2241 925 2308 vis
948 2260 999 2308 me
1022 2241 1209 2322 temetipsa
1232 2259 1408 2324 sacrorum,

354 2371 382 2412 ³0
442 2346 489 2411 Et
512 2365 643 2412 carmen
666 2348 796 2412 demens
820 2347 963 2414 carmine
985 2349 1093 2414 laesus
1116 2366 1197 2412 amo.

399 2451 454 2518 Sio
475 2470 562 2520 nova
583 2452 735 2518 Dulichio
758 2453 844 2519 lotos
866 2457 1002 2536 gustata
1024 2453 1136 2535 palato

443 2557 515 2642 lllo,
538 2576 600 2638 quo
622 2560 742 2642 noouit,
764 2563 865 2642 grata
886 2577 1003 2640 sapore
1025 2558 1098 2624 luit.

400 2663 509 2730 Sentit
532 2683 645 2730 amans
667 2683 727 2731 sua
751 2664 970 2748 damnatore,
993 2669 1103 2730 tomen
1126 2666 1242 2731 haeret
1264 2665 1299 2730 in
1321 2666 1397 2748 illis,

443 2770 618 2836 Materiam
641 2772 756 2854 eulpae
777 2771 1048 2853 persequiturque
1071 2789 1159 2837 suae.

355 2900 383 2941 aa
399 2875 465 2942 Nos
488 2896 615 2959 quoque
637 2880 813 2962 delectant,
836 2878 985 2958 quamvis
1007 2895 1155 2961 nocuere,
1176 2878 1289 2961 libelli,

445 2983 602 3067 Quodque
624 2986 704 3050 mihi
727 2986 828 3051 telum
851 2984 990 3051 vulnera
1012 2983 1101 3067 feeit,
1125 3003 1204 3050 amo.

402 3088 557 3156 Forsitan
579 3092 640 3159 hoo
662 3091 806 3158 studium
827 3091 933 3172 possit
954 3090 1045 3158 furor
1068 3108 1139 3156 esse
1162 3090 1277 3172 videri,

447 3197 511 3262 sed
534 3197 686 3279 quiddam
709 3197 801 3263 furor
822 3197 877 3262 hio
900 3197 1057 3264 utilitatis
1079 3197 1189 3262 habet.

403 3301 536 3384 Semper
557 3303 593 3368 in
615 3304 734 3369 obtutu
756 3306 897 3369 mentem
920 3307 1015 3371 vetat
1038 3321 1108 3370 esse
1131 3303 1297 3386 malorum,

357 3433 385 3472 ro
445 3409 634 3477 Praesentis
657 3427 752 3476 ossus
773 3409 1043 3490 inmemoremque
1064 3408 1156 3476 lauit

322 3633 366 3688 18.
404 3634 447 3688 bia
468 3635 682 3702 deseruerunt,
698 3635 891 3705 alseiostarb,
987 3634 1033 3690 28.
1069 3635 1197 3702 sanoqv
1217 3633 1283 3686 Lau
1293 3631 1347 3689 No·
1361 3635 1384 3700 1,
1398 3633 1439 3688 19.
1457 3633 1500 3704 39,
1512 3633 1556 3688 32.

270 3703 430 3756 daszweite
472 3705 500 3759 al
518 3706 559 3759 als
572 3723 602 3760 er
613 3707 652 3759 sie
665 3722 716 3759 aus
729 3704 778 3758 der
790 3703 890 3759 Unter-
987 3705 1032 3759 30.
1069 3705 1189 3757 carmine
1236 3705 1307 3772 aare]
1325 3704 1477 3757 konzeseiv.

270 3772 336 3824 welt
358 3772 479 3828 beinahe
503 3776 582 3829 hatte
603 3774 775 3828 mitnehmen
792 3773 891 3828 durfen
987 3774 1032 3828 31.
1069 3772 1174 3826 Homer
1205 3773 1312 3826 erzdhlt
1337 3773 1390 3826 wie
1417 3771 1557 3842 Odysseus

271 3839 346 3910 (falls
370 3859 400 3896 er
424 3844 485 3898 sieh
509 3845 589 3899 nieht
609 3845 728 3916 voreilig
749 3845 823 3898 naeh
846 3843 892 3896 ihr
935 3842 987 3896 mit
1003 3844 1098 3896 seimon
1110 3841 1268 3896 Gefrihrton
1285 3843 1359 3896 auch
1371 3843 1401 3895 in
1413 3842 1463 3895 das
1475 3841 1557 3895 Land

270 3913 453 3982 umgeeohaut
466 3915 562 3984 hatte),
582 3915 623 3968 ale
635 3917 674 3969 sie
692 3915 751 3967 ihm
769 3913 827 3967 also
844 3929 891 3984 ge·
935 3912 985 3966 der
1009 3911 1140 3982 Lotopha
1161 3927 1195 3965 en
1218 3911 1338 3977 kommt‚
1365 3911 1409 3965 die
1434 3911 1479 3965 die
1502 3928 1556 3965 von

272 3982 464 4036 wissermaflen
487 4000 551 4036 aum
572 3987 688 4039 aweiten
707 3982 783 4038 Male
806 3983 891 4036 starb.
935 3983 995 4036 ihm
1014 3983 1050 4036 ab
1071 3929 1205 4035 esanfften
1217 3980 1429 4035 Kundsehafter
1445 3981 1556 4035 freund-

323 4069 368 4126 23.
400 4070 747 4142 peraqdieverbmung
756 4070 891 4124 hmine
934 4051 993 4104 lioh
1020 4068 1057 4104 au
1090 4051 1190 4104 ehmen
1216 4051 1274 4104 und
1300 4051 1385 4104 ihnen
1411 4051 1497 4105 Lotos
1522 4067 1557 4104 zu

271 4154 360 4208 ganne
377 4138 508 4193 Existenz
526 4141 691 4194 verniehteq
936 4137 1014 4176 essen
1032 4122 1136 4192 geben3
1159 4137 1215 4175 wer
1233 4120 1301 4174 aber
1319 4120 1410 4174 davon
1429 4121 1478 4189 aii,
1497 4137 1556 4174 vor·

955 4191 990 4244 all
1009 4190 1059 4244 der
1077 4189 1200 4244 Heimat.
1236 4188 1375 4260 Odysseus
1398 4191 1462 4243 mufl
1481 4189 1556 4244 seine

315 4227 370 4308 .2⁵⁰
406 4226 477 4281 ΜΝ
495 4227 615 4309 ⁸⁰4u9d]
624 4226 891 4310 gerffiPdfflwegen’
935 4209 1026 4314 {teuto
1043 4260 1095 4314 mit
1113 4257 1224 4314 Gewalt
1240 4275 1303 4312 zum
1321 4257 1425 4314 Sohiffe
1441 4259 1555 4314 zurdok·

271 4295 1555 4417 ffl‘fflwfflmfflmmmsmmmmmmmmmm

301 4381 352 4456 ω’
936 4416 990 4454 von
1020 4399 1069 4453 der
1098 4398 1280 4453 Lotosfruoht
1309 4399 1388 4453 nieht
1415 4413 1556 4469 gegessen.

324 4451 653 4522 mmmm
937 4468 1290 4524 mmmmm

324 4537 391 4595 tls.
427 4538 510 4594 Sinn:
531 4539 610 4593 hutte
627 4539 674 4592 ioh
693 4539 764 4594 dooh
783 4540 829 4594 nie
846 4556 892 4610 ge·
988 4540 1034 4595 38.
1070 4540 1152 4610 qaod]
1170 4538 1339 4593 Relativum.

273 4608 388 4663 dichtot.
935 4641 938 4648 ι
989 4610 1035 4665 37.
1071 4607 1200 4680 modium]
1219 4606 1416 4662 Liebhoberei.
