3714 5298
815 473 818 480 v
872 431 973 500 ¹Eroter
995 445 1067 500 Teil.
1092 463 1095 470 ·

507 609 695 691 Accipiunt:
720 609 825 674 Tusco
848 609 1008 692 sanguine
1030 600 1122 674 terra
1144 608 1249 674 rubet.

419 715 666 797 15810116111111,
690 713 737 780 sic
759 732 857 797 saepe
881 715 1010 780 cadunt.
1055 715 1113 781 ubi
1136 715 1268 782 vincere
1291 719 1406 797 aperte

506 821 580 886 Non
602 823 709 904 datur,
731 821 867 887 insidias
891 839 1045 901 armaque
1067 824 1159 886 tecta
1180 824 1309 902 parant.
1355 811 1357 816 ’

463 926 601 1008 Campus
625 932 706 1011 erat,
730 927 836 1008 campi
859 926 1057 992 claudebant
1079 927 1196 992 ultima
1219 917 1341 992 colles'

507 1032 664 1112 Silvaque
686 1037 857 1098 montanas
880 1033 1029 1099 occulere
1052 1037 1132 1115 apta
1153 1032 1250 1098 ieras.

462 1138 503 1204 In
524 1139 629 1204 medio
652 1157 773 1219 paucos
796 1144 1009 1220 armentaque
1030 1157 1107 1204 rara
1129 1139 1325 1222 relinquunt,

421 1270 448 1309 eo
509 1245 627 1310 Cetera
649 1244 805 1327 virgudtis
828 1245 942 1310 abdita
964 1247 1064 1311 turba
1086 1245 1179 1310 latet.

465 1352 552 1417 Ecce
574 1351 668 1417 velut
690 1355 818 1416 torrens
841 1352 936 1416 undis
959 1351 1159 1432 pluvialibus
1182 1354 1300 1416 auctus

511 1458 580 1522 Aut
599 1457 685 1540 nive,
708 1475 792 1537 quae
815 1458 956 1538 zephyro
979 1456 1070 1524 victa
1092 1461 1226 1536 tepente
1248 1458 1330 1540 fluit,

465 1563 531 1630 Per
552 1567 628 1628 sata
649 1581 771 1645 perque
793 1563 866 1630 uias
888 1561 1004 1646 fertur,
1026 1581 1095 1645 nec,
1117 1567 1156 1627 ut
1179 1567 1257 1628 ante
1279 1563 1415 1646 solebat,

509 1669 668 1750 Riparum
692 1669 819 1734 clausas
841 1669 988 1752 margine
1010 1668 1084 1734 linit
1107 1686 1221 1749 aquas:

422 1799 449 1840 11
466 1775 520 1842 Sic
542 1774 640 1839 Fabii
662 1775 782 1841 vallem
804 1775 883 1840 latis
907 1775 1105 1841 discursibus
1128 1775 1273 1858 implent,

512 1880 668 1964 Quodque
690 1881 814 1963 vident,
837 1885 1001 1948 sternunt:
1024 1900 1085 1946 nec
1107 1886 1213 1946 metus
1237 1881 1322 1946 alter
1343 1881 1438 1948 inest.

468 1987 538 2069 Quo
562 1988 667 2070 ruitis,
690 2005 849 2070 generosa
872 1988 1003 2053 domus?
1048 1987 1133 2052 male
1156 1987 1290 2053 creditis
1312 1988 1408 2053 hosti.

514 2092 658 2174 Simplex
680 2093 845 2176 nobilitas,
868 2093 991 2173 perfida
1013 2093 1082 2158 tela
1105 2095 1198 2159 cave!

468 2199 601 2264 Fraude
622 2199 710 2279 perit
732 2199 849 2264 virtus,
894 2199 928 2263 in
952 2203 1083 2279 apertos
1105 2199 1248 2278 undique
1271 2218 1400 2280 campos

425 2331 452 2372 eo
512 2305 693 2371 Prosiliunt
716 2306 826 2376 hostes
840 2308 884 2370 set
906 2305 995 2370 latus
1018 2323 1110 2370 omne
1133 2308 1256 2370 tenent.

469 2411 556 2495 Quid
578 2410 705 2476 iaciant
726 2411 823 2493 pauci
846 2415 960 2477 contra
982 2416 1034 2477 tot
1055 2411 1147 2476 milia
1168 2410 1292 2477 fortas?

515 2517 651 2601 Quidve,
674 2518 760 2598 quod
782 2518 817 2582 in
838 2518 956 2583 misero
979 2523 1125 2598 tempore
1147 2521 1260 2601 restet,
1283 2515 1397 2582 adest?

470 2623 562 2690 Sicut
585 2642 664 2705 aper
686 2624 782 2706 longe
805 2624 897 2690 silvis
920 2624 1141 2690 Laurentibus
1165 2628 1257 2689 actus

514 2730 684 2796 Fulmineo
708 2730 829 2796 celeres
852 2731 991 2812 dissipat
1014 2750 1069 2796 ore
1092 2748 1197 2813 canes,

426 2862 453 2904 a
469 2837 547 2903 Mox
569 2841 680 2902 tamen
702 2837 773 2917 ipse
794 2837 891 2920 perit,
914 2837 961 2902 sic
982 2855 1048 2902 non
1071 2836 1254 2901 moriuntur
1275 2834 1383 2918 inulti,
1413 2835 1414 2838 ’

515 2942 722 3022 Volneraque
745 2942 873 3006 alterna
897 2942 1040 3022 dantque
1062 2941 1237 3020 feruntque
1259 2959 1365 3006 manu.

471 3049 546 3114 Una
570 3049 639 3113 dies
661 3047 849 3114 Fabiosad
870 3048 992 3112 bellum
1014 3047 1150 3112 miserat
1172 3064 1290 3130 omnes,
1450 3031 1451 3040 ¹

515 3154 569 3219 Ad
591 3152 711 3219 bellum
734 3153 848 3218 missos
869 3151 1013 3235 perdidit
1036 3173 1101 3219 una
1124 3153 1201 3218 dies.

471 3260 519 3326 Ut
541 3264 651 3324 tamen
674 3259 858 3324 Herculeae
881 3264 1089 3339 superessent
1111 3259 1235 3326 semina
1257 3249 1374 3342 gentis,

425 3393 454 3432 40
515 3364 677 3431 Credibile
701 3369 751 3431 est
772 3366 861 3447 ipsos
884 3366 1083 3432 consuluisse
1107 3367 1190 3431 deos,

471 3472 554 3537 Nam
577 3489 659 3554 puer
681 3472 828 3553 impubes
851 3477 885 3538 et
909 3473 1014 3539 adhuc
1036 3492 1100 3539 non
1123 3472 1215 3537 utilis
1238 3471 1336 3535 armis

515 3579 608 3650 Unus
628 3578 672 3653 de
693 3563 801 3643 Fabia
823 3583 922 3661 genta
945 3579 1080 3644 relictus
1104 3581 1188 3644 erat:
1353 3577 1355 3580 ’

472 3685 606 3751 Scilicet
628 3689 666 3750 ut
688 3702 799 3766 posses
823 3685 898 3750 olim
922 3689 968 3768 tu,
990 3686 1142 3767 Maxime,
1165 3683 1264 3765 nasci,

516 3789 575 3855 Oui
598 3809 650 3857 res
674 3792 855 3856 cunctando
878 3789 1085 3857 restituenda
1104 3789 1198 3856 foret.

390 4005 435 4060 lb.
472 4022 491 4058 a
511 4002 575 4078 arte]
595 4005 622 4057 in
642 4003 760 4058 offenem
778 4005 911 4075 Kampfe.
927 4037 961 4045 —
1056 4005 1102 4061 26.
1137 3967 1222 4060 metus
1239 4001 1318 4076 altar}
1342 4003 1450 4058 Furcht
1467 4017 1515 4054 vor
1535 3999 1624 4053 einem

337 4090 393 4129 noa
411 4022 509 4148 11111τῖ
523 4075 608 4128 ihnen
626 4077 763 4214 verffdnnt
780 4076 823 4128 ist.
1005 4074 1126 4129 anderen
1146 4075 1341 4143 (versteckten)
1359 4073 1474 4128 Feinde.

342 4169 354 4184 ·
392 4145 437 4200 17.
473 4147 564 4214 campi
584 4143 681 4198 ultim
708 4169 745 4190 =
761 4161 804 4198 wo
823 4144 873 4198 das
890 4143 962 4199 Feld
1054 4145 1101 4199 27.
1136 4144 1216 4214 mole]
1234 4162 1269 4198 au
1287 4160 1381 4198 eurem
1398 4139 1536 4212 Unglbck.

338 4214 476 4269 aufbiirte.
1056 4215 1118 4270 113.μ
1138 4215 1225 4283 amaa]
1242 4213 1362 4285 gehelzt.

390 4285 436 4338 21.
472 4283 792 4355 auctuolgeschwollen.
1011 4305 1014 4311 ·
1056 4284 1102 4338 44.
1147 4283 1223 4338 Unus
1252 4285 1328 4337 borao
1362 4283 1443 4338 nobis
1470 4277 1624 4333 maenada

391 4347 443 4409 24:
480 4353 553 4427 ficit]
582 4355 731 4423 begrenat:
763 4353 836 4420 ,und
865 4353 960 4408 dessen
1004 4355 1125 4408 restituit
1147 4369 1203 4408 rem
1225 4352 1338 4420 Ennius.
1383 4351 1450 4421 Vgl.¹
1474 4346 1530 4400 Cic.
1554 4343 1624 4398 Cato

337 4422 439 4476 Flutcn
458 4423 538 4494 nicbt
555 4423 706 4477 mehrwie
717 4424 831 4477 vordem
843 4423 882 4476 im
894 4423 962 4477 Bett
1005 4424 1070 4477 mai.
1089 4424 1114 4492 4,
1134 4421 1296 4496 10.-res1
1315 4421 1438 4492 publica.
1517 4445 1523 4456 ι

338 4493 387 4546 des
414 4491 526 4546 Flumes
560 4495 605 4547 oin
642 4492 781 4546 scblossen
815 4510 869 4546 von
899 4493 962 4545 dem

338 4562 438 4616 Raude
457 4562 507 4616 dor
524 4561 609 4618 Ufor·
633 4568 747 4633 egreuzt
764 4563 900 4616 werden⁸.
963 4596 964 4600 =
