3714 5298
812 435 814 442 '
849 422 960 485 'Erster
982 431 1055 516 Τ111.

496 595 662 678 Partibus,
682 612 820 662 occursu
836 595 966 676 praeda
987 598 1121 678 recepta
1143 595 1246 662 Remi

452 701 500 768 Ut
522 701 629 784 rediit,
651 701 784 768 veribus
806 699 982 766 stridentia
1005 702 1151 767 detrahit
1173 706 1260 785 exta,

496 807 608 888 Atque
630 807 680 873 ait
702 808 793 872 ‘haec
816 811 905 873 certe
927 826 992 874 uon
1014 808 1079 874 nisi
1101 808 1209 875 victor
1231 809 1324 874 edet’

433 899 435 908 ’
453 913 553 979 Dicta
574 913 666 998 facit,
688 913 850 994 Fabiique
872 914 976 980 simul.
1021 915 1114 981 veuit
1135 914 1255 980 inritus
1276 916 1355 981 illuc

410 1043 437 1083 5⁰
496 1019 661 1103 Romulus,
684 1023 719 1086 et
741 1037 870 1086 mensas
892 1037 1028 1100 ossaque
1050 1021 1140 1086 nuda
1161 1021 1263 1088 videt

453 1123 550 1209 Risit,
574 1130 609 1191 et
630 1126 771 1192 indoluit
792 1126 916 1192 Fabios
937 1127 1082 1207 potuisse
1103 1126 1303 1209 Remumque

498 1231 646 1315 Vincere,
668 1231 845 1314 Quintilios
868 1249 933 1298 non
955 1233 1099 1313 potuisse
1122 1251 1205 1299 suos

453 1336 558 1402 Fama
579 1342 691 1403 manet
713 1337 803 1403 iacti.
848 1339 954 1419 posito
978 1338 1140 1405 velamine
1163 1344 1307 1423 currunt,
1369 1406 1376 1414 ,
1407 1351 1412 1360 ’

498 1443 545 1509 Et
567 1462 738 1510 memorem
761 1443 881 1510 tamam
905 1445 992 1525 quod
1013 1445 1096 1510 bene
1120 1446 1226 1528 cessit,
1249 1447 1361 1512 habet.
1393 1472 1395 1476 ·

761 1673 879 1741 11122
902 1671 951 1758 (Π
966 1672 1166 1757 533-570).

818 1827 1111 1896 111111111111.
1165 1793 1167 1800 ’

191 1997 309 2052 Feralia
454 1985 518 2051 Est
539 1987 642 2051 honor
664 1989 699 2050 11
721 1985 863 2068 tumulis,
887 1986 1012 2050 animas
1034 1985 1167 2066 placare
1189 1991 1354 2070 paternas

180 2087 224 2137 21·
237 2083 322 2138 Febr.
500 2092 675 2171 Parvaque
697 2092 731 2155 iu
755 2095 924 2156 extructas
947 2108 1081 2155 munera
1103 2090 1191 2157 ferre
1213 2109 1322 2174 pyras

456 2197 567 2265 Parva
589 2201 708 2278 petunt
730 2215 852 2262 manes:
875 2197 984 2278 pietas
1006 2215 1065 2278 pro
1088 2198 1194 2265 divite
1215 2203 1315 2281 grata
1338 2204 1388 2264 est

498 2303 646 2369 Munere:
669 2321 734 2369 uon
757 2303 871 2369 avidos
894 2303 979 2385 Styx
1000 2304 1102 2369 habet
1124 2305 1190 2368 11111
1213 2305 1297 2369 deos

426 2409 581 2491 aTegula
603 2409 762 2491 porrectis
785 2410 868 2475 satis
891 2414 942 2475 est
964 2409 1077 2477 velata
1100 2410 1227 2476 coronis

499 2515 547 2581 Et
569 2533 704 2597 sparsae
726 2515 837 2598 trugas
860 2534 1024 2597 parcaque
1046 2517 1131 2581 mica
1154 2515 1241 2599 salis,

454 2621 559 2703 Inque
581 2640 669 2688 mero
692 2622 819 2689 mollita
843 2622 948 2706 Ocres,
971 2622 1143 2703 violaeque
1166 2623 1305 2689 solutae:

499 2729 592 2794 Haec
614 2729 738 2795 habeat
760 2730 866 2795 media
889 2734 978 2794 testa
1000 2729 1117 2794 relicta
1139 2730 1204 2796 via.

454 2835 523 2900 Nec
545 2835 669 2900 maiora
691 2840 781 2917 vet03
805 2836 862 2900 sed
884 2828 919 2899 et
941 2835 993 2899 his
1015 2834 1187 2915 placabilis
1210 2836 1326 2901 umbra
1348 2839 1411 2900 est:
1467 2889 1470 2894 ,

412 2964 439 3002 10
499 2940 593 3006 Adde
614 2958 727 3021 preces
750 2941 865 3021 positis
889 2944 923 3006 et
946 2958 1005 3005 sua
1027 2940 1131 3006 verba
1152 2937 1241 3006 focis.

455 3047 552 3112 Hunc
574 3064 695 3111 morem
718 3045 856 3128 Aeneas,
878 3047 1015 3126 pietatis
1037 3046 1172 3112 idoneus
1196 3052 1310 3112 auctor

501 3152 628 3218 Attulit
649 3153 685 3217 iu
708 3156 823 3235 terras,
846 3152 933 3216 iuste
955 3152 1084 3235 Latine,
1107 3156 1191 3217 tuas.

456 3258 518 3323 ille
539 3259 647 3340 patris
670 3257 773 3325 Genio
797 3258 966 3324 sollemnia
988 3259 1074 3324 dona
1096 3257 1238 3325 ferebat:

501 3365 588 3430 Hinc
610 3364 722 3445 populi
745 3365 829 3430 ritus
852 3365 1014 3431 edidicere
1036 3366 1115 3447 pios.

413 3496 440 3536 15
456 3470 504 3535 At
526 3471 696 3554 quondam,
720 3472 795 3536 dum
818 3471 917 3554 lunga
939 3476 1060 3554 gerunt
1081 3471 1284 3554 pugnacibus
1308 3470 1406 3535 armis

502 3576 605 3660 Bella,
628 3577 823 3643 Parentales
846 3579 1018 3644 deseruere
1042 3579 1119 3643 dies.

457 3682 530 3748 Nou
552 3683 682 3764 impune
704 3683 784 3765 iuit3
808 3702 883 3749 nam
907 3685 1028 3750 dicitur
1050 3685 1156 3750 omine
1179 3684 1220 3749 ab
1243 3683 1307 3748 isto

500 3787 606 3854 Roma
628 3790 824 3856 suburbanis
846 3791 1020 3856 incaluisse
1043 3791 1140 3872 rogis.

458 3895 525 3962 Vix
547 3896 696 3975 equidem
718 3897 824 3980 credo,
846 3897 952 3962 bustis
976 3897 1081 3962 exisse
1103 3896 1255 3962 feruntur

414 4029 441 4067 20
501 4001 547 4066 Et
570 4002 695 4067 tacitae
718 4003 825 4082 questi
848 4007 995 4085 tempore
1018 4003 1122 4068 noctis
1146 4003 1211 4084 avi,

456 4109 585 4187 Perque
608 4108 680 4174 vias
703 4109 793 4175 urbis
816 4108 995 4189 Latiosque
1017 4108 1161 4174 ululasse
1182 4127 1242 4190 per
1265 4125 1361 4190 agros

321 4301 327 4313 .
394 4264 439 4318 51.
476 4264 549 4330 qood
568 4265 634 4318 bace
651 4266 732 4318 cessit
749 4264 786 4317 ist
804 4263 931 4335 Subjekt
1026 4263 1486 4387 1)7.ἀ1111111]11111111111111
1499 4258 1611 4314 Kranae

661 4357 664 4366 Δ
990 4350 1026 4404 ge
1046 4351 1084 4387 un
1105 4349 1148 4386 en.

323 4373 326 4382 Δ
394 4403 448 4457 llo.
466 4401 512 4458 21.
537 4375 576 4458 ῗ1.
598 4403 784 4472 plotarcund
802 4404 885 4474 forre]
901 4421 945 4458 ex·
1060 4403 1089 4458 8.
1124 4400 1313 4524 11111]ὢυῖ

322 4471 498 4542 plikativau
515 4473 602 4528 lwuor
619 4479 667 4527 est.
1044 4474 1089 4528 10.
1125 4472 1187 4541 soa]
1213 4473 1258 4525 die
1280 4473 1290 4524 i
1312 4487 1366 4525 nen
1383 4469 1611 4524 aukommenden.

394 4543 423 4598 4.
459 4543 533 4612 deos]
552 4544 614 4597 sind
632 4543 703 4596 aben
721 4543 767 4597 dia
785 4542 890 4598 Manes.
1043 4543 1088 4598 19.
1124 4541 1183 4597 Vor
1204 4542 1300 4610 111111]
1319 4543 1434 4612 ergtinza
1455 4539 1563 4606 ,aber“.
