3714 5298
775 473 828 530 No.
840 475 874 530 30
894 477 938 546 (tr.
956 476 1011 544 11)

343 672 372 712 ιο
430 646 553 713 Nubila
576 652 653 714 suut
675 649 794 716 sallitis¹
816 653 964 733 tempera
985 656 1099 719 nostra
1121 654 1224 721 malis.

389 753 541 820 Carmina
562 769 723 822 secessum
745 757 920 824 scribentis
942 761 977 824 at
999 759 1069 825 otia
1091 767 1269 840 quaerunt:

432 859 487 924 Me
509 878 608 944 mare,
630 879 682 926 mc
703 863 805 947 venti,
831 875 883 930 me
905 863 977 930 iera
999 863 1106 931 iactat
1127 866 1239 934 hiems.

389 965 594 1032 Carminibus
615 971 721 1034 metus
745 969 847 1035 omnis
870 970 975 1037 abest:
999 985 1059 1053 ego
1082 972 1231 1054 perditus
1255 989 1362 1041 ensem

432 1073 617 1138 Haesurum
639 1069 751 1156 iugulo
773 1075 840 1140 iam
861 1080 941 1157 puto
964 1077 1093 1158 iamque
1115 1096 1195 1145 meo.

343 1204 372 1243 ra
386 1175 478 1244 Haec
501 1198 628 1260 quoquc
650 1181 736 1260 quod
758 1180 852 1265 facio,
876 1182 975 1248 iudex
997 1183 1174 1249 mirabitur
1196 1197 1328 1270 aequus,

433 1285 627 1367 Scriptaque
650 1304 722 1352 cum
744 1287 843 1354 venia
865 1288 1114 1370 qualiacumque
1135 1290 1233 1372 leget.

388 1391 442 1458 Da
462 1392 544 1457 mihi
565 1393 759 1458 Maeoniden
782 1398 817 1458 et
838 1398 890 1459 tot
913 1395 1085 1460 circumice
1107 1413 1211 1480 casus,

432 1498 604 1581 Ingenium
626 1499 731 1564 tantis
753 1491 881 1565 excidet
905 1518 998 1567 omne
1020 1491 1124 1567 malis.

388 1605 537 1685 Denique
560 1615 693 1671 securus
715 1605 832 1689 famae,
854 1605 948 1690 liber,
970 1607 1020 1673 ire
1041 1611 1211 1690 memento,

345 1735 372 1774 m
431 1711 500 1777 Nec
521 1711 585 1778 tibi
607 1712 651 1777 sit
673 1712 760 1776 lecto
783 1711 986 1794 displicuisse
1007 1714 1118 1794 pudor.

388 1818 460 1885 Non
481 1817 532 1882 ita
554 1835 590 1883 se
611 1818 751 1898 praebet
772 1817 866 1883 nobis
887 1817 1022 1885 fortuna
1044 1821 1227 1902 secundam,

432 1923 481 1990 Ut
503 1922 565 1988 tibi
588 1923 633 1988 sit
647 1923 734 1989 ratio
757 1922 864 1989 laudis
886 1919 1038 1990 habenda
1059 1930 1147 1990 tuae.

388 2030 500 2096 Donec
523 2047 612 2094 eram
634 2047 753 2112 saepae,
776 2029 869 2095 tituli
890 2031 1054 2113 tangebar
1076 2049 1194 2115 amore,

433 2135 683 2219 Quaerendique
705 2127 786 2201 mihi
807 2135 946 2202 nominis
969 2139 1067 2203 ardor
1090 2141 1172 2204 erat.

343 2266 370 2308 aa
387 2241 540 2308 Carmina
562 2259 647 2306 nunc
669 2241 698 2307 si
720 2259 785 2307 nou
807 2242 1023 2327 studiumque,
1047 2245 1138 2324 quod
1154 2243 1270 2329 obfuit,
1294 2246 1355 2328 odi,

433 2348 485 2414 Sit
507 2347 598 2414 satis.
643 2347 773 2431 ingenio
796 2348 845 2414 sic
866 2347 947 2431 iuga
968 2353 1067 2431 parta
1089 2368 1169 2416 mco.

388 2455 439 2520 Τιι
461 2459 572 2520 tamen
594 2455 607 2520 i
629 2469 688 2536 pro
710 2472 770 2536 me,
793 2459 840 2537 tu,
863 2454 916 2518 cui
938 2453 1025 2539 licet,
1049 2456 1157 2536 aspice
1179 2456 1327 2522 Romam!

432 2560 476 2626 Di
498 2560 656 2644 iacerent,
678 2575 805 2642 possam
828 2577 914 2624 nunc
936 2578 1026 2625 meus
1049 2579 1120 2626 esse
1142 2561 1239 2627 liber!

386 2667 454 2733 Nec
476 2672 520 2751 tc,
543 2667 628 2748 quod
651 2667 766 2733 venias
788 2683 940 2748 magnam
962 2667 1154 2749 peregrinus
1177 2667 1213 2732 in
1234 2667 1367 2750 Urbem,

341 2799 370 2839 eo
429 2774 582 2856 Ignotum
603 2772 722 2855 populo
745 2781 840 2854 possa
862 2771 977 2838 venire
998 2776 1088 2853 puta.

386 2879 434 2946 Ut
457 2879 555 2947 titulo
578 2897 701 2963 careas,
723 2878 794 2959 ipso
817 2895 949 2944 noscere
973 2878 1091 2945 colere:
1133 2896 1135 2902 ·

431 2985 647 3052 Dissimulare
669 2985 761 3068 velis,
785 2987 820 3049 te
842 2983 947 3065 liquet
970 3001 1041 3050 esse
1062 2995 1177 3050 meum.

387 3091 478 3157 Clam
500 3096 612 3158 tamen
634 3091 768 3173 intrate,
790 3108 833 3155 ue
855 3093 890 3156 te
912 3105 985 3156 mea
1008 3091 1154 3156 carmina
1174 3090 1323 3156 laedant:

432 3198 505 3264 Non
519 3202 605 3281 sunt,
627 3202 666 3263 ut
689 3199 858 3280 quendam,
880 3196 979 3277 plena
1001 3195 1133 3263 favoris.
1179 3201 1284 3263 erant.

293 3347 297 3358 -
344 3327 372 3368 cc
387 3302 496 3384 Siquis
519 3303 592 3387 erit,
615 3305 672 3384 qui
694 3309 738 3387 te,
761 3303 839 3383 quia
861 3302 906 3367 sis
927 3320 1026 3387 meus,
1050 3320 1120 3368 esse
1141 3303 1315 3387 legendum

434 3409 505 3476 Non
528 3415 633 3494 putet,
657 3428 676 3475 e
698 3408 821 3492 grando
843 3406 1026 3489 reiciatque
1049 3423 1115 3492 suc,

388 3516 534 3597 ‘Inspice’
558 3517 611 3582 dic
637 3515 789 3581 ‘titulum
833 3529 898 3579 nou
921 3529 991 3578 sum
1013 3501 1208 3596 praeceptor
1231 3515 1359 3597 amoris,

434 3620 523 3705 Quas
545 3622 674 3706 meruit,
695 3633 817 3702 poenas
839 3619 905 3685 iam
928 3620 1020 3684 dedit
1041 3620 1123 3686 illud
1145 3621 1243 3701 opus'

308 3838 354 3894 4⁰.
389 3839 520 3910 iesuperu]
538 3837 689 3894 Geschick.
974 3836 1019 3891 tl.
1055 3837 1096 3906 ut]
1109 3833 1542 3905 kenzeseiv.-colurc]niitulich

308 3906 354 3964 42.
389 3907 459 3962 Also
485 3909 523 3962 ist
547 3909 636 3963 dieses
660 3907 797 3976 Gemens,
825 3906 879 3960 aid
921 3905 1059 3971 schwaru,
1082 3915 1140 3958 was
1163 3921 1201 3959 an
1221 3905 1267 3959 dia
1285 3903 1393 3958 irauer
1417 3904 1466 3959 des
1483 3921 1542 3959 ver·

256 3978 418 4047 uberhaupt
435 3978 485 4032 der
502 3979 620 4062 grdflere
637 3976 702 4032 Tell
721 3977 769 4030 des
788 3980 877 4031 ersten
921 3975 1045 4029 baunten
1062 3974 1195 4028 Dichters
1213 3975 1342 4028 emnuert.

256 4045 351 4100 Buclm
369 4047 418 4101 der
433 4047 565 4119 Tristuem
583 4047 715 4101 withsand
734 4045 878 4102 dachlse
973 4067 1019 4126 62·
1055 4069 1240 4140 dimum]
1261 4067 1352 4123 ἀθὴρ
1370 4085 1406 4122 a„
1424 4063 1479 4125 den
1497 4069 1543 4124 be,

256 4115 375 4170 νωθῆ·
415 4186 421 4200 ,
922 4138 1046 4193 kannten
1064 4138 1220 4193 Merkvers:
1243 4139 1484 4210 quaerentum,
1508 4141 1543 4191 si-

309 4183 375 4242 lul.
394 4185 475 4240 Simu:
488 4187 574 4240 selbst
581 4187 627 4239 ein
634 4186 738 4240 Homer
746 4183 880 4238 wurdein
922 4208 1012 4262 mulo.
1037 4225 1110 4280 quae
1128 4215 1192 4262 sunt
1222 4225 1256 4262 ea
1274 4203 1492 4264 dissimulantur·
1508 4239 1543 4248 -

257 4255 380 4310 salchem
391 4253 524 4327 ngluek
540 4255 620 4310 nicht
634 4248 747 4309 dichten
759 4255 879 4308 kiinnau.
922 4273 964 4332 2„
981 4249 1049 4333 νέω
1064 4279 1101 4331 Μ
1111 4249 1301 4332 nooh’eiml
1313 4279 1345 4331 ut
1357 4279 1543 4333 concessivum

308 4325 353 4382 49.
389 4341 502 4381 securus
530 4326 632 4396 famae]
665 4323 880 4379 unbakdmmert
921 4365 956 4401 zu
973 4347 1091 4402 denhem

257 4409 305 4447 um
316 4395 420 4450 Ruhuu
453 4391 569 4450 Rechue
586 4411 639 4468 ger
655 4395 736 4462 nicht
753 4392 806 4448 auf
814 4383 879 4449 Bei-

257 4461 323 4531 ΚΠ,
350 4465 424 4520 daun
447 4467 523 4519 wirnt
546 4466 585 4521 du
609 4463 682 4519 auch
705 4453 789 4518 keine
812 4463 879 4518 Ent·
975 4443 1021 4499 ⁶⁶·
1046 4441 1543 4528 ¹0proedo]weraufmandichcher-

257 4535 394 4588 ta'uschm
432 4536 555 4591 eilebeu.
923 4512 1012 4568 tollen
1032 4512 1106 4567 benm
1124 4511 1215 4567 Leaen
1232 4511 1306 4566 wohl
1323 4511 1407 4584 lcgte.

310 4604 356 4659 dd.
441 4606 469 4677 a]
487 4607 542 4678 vgl.
561 4623 595 4659 nu
613 4603 664 4660 No.
678 4603 702 4671 1,
715 4603 758 4658 63.
783 4601 787 4612 ’
976 4599 1023 4655 68.
1057 4589 1130 4654 illud
1146 4599 1224 4669 opas]
1242 4598 1288 4654 die
1307 4613 1352 4653 are
1369 4599 1513 4654 amatoria.
