3714 5298
719 430 801 516 usu
820 429 1047 509 (111523-656).

374 610 504 690 Perque
527 609 603 674 deos
626 607 769 686 comites,
790 607 854 672 hac
876 624 981 687 nuper
1003 607 1079 672 sede
1101 606 1235 689 locatos,
1343 607 1349 620 ¹

418 714 524 795 Saepe
545 730 634 779 meas
656 712 730 779 illos
752 711 951 793 increpuisse
973 730 1089 778 morus.

374 820 443 887 Nee
465 819 560 887 timui
583 821 623 885 de
645 823 750 885 morte
773 822 892 884 tamen.
936 821 1043 883 metus
1065 817 1153 884 aluit
1174 817 1248 883 iste.

419 927 462 992 Ei
484 925 576 992 mihil
623 924 772 991 credibili
794 924 912 991 fortior
933 923 994 989 illa
1016 923 1089 990 fuit

331 1059 358 1100 ss
373 1033 424 1099 Ne
446 1031 542 1098 refer.
587 1031 703 1113 aspexi
724 1050 789 1098 non
810 1030 869 1097 illo
891 1032 1025 1112 pectore
1048 1030 1149 1113 digna

420 1139 573 1222 Volnera,
596 1138 776 1204 Tartmeas
800 1154 897 1202 ausus
921 1137 1012 1202 adire
1035 1138 1152 1204 domos.

375 1246 423 1310 At
445 1249 491 1328 tu,
515 1263 572 1310 seu
594 1244 681 1311 ratio
704 1248 739 1310 te
761 1243 883 1310 nostris
906 1243 1034 1325 appulit
1057 1243 1131 1326 oris,

420 1349 498 1419 Sive
521 1351 609 1434 deus,
631 1351 727 1433 regni
749 1351 915 1416 commoda
937 1367 1035 1430 carpe
1057 1348 1129 1414 mei.

375 1456 484 1522 Multa
506 1457 570 1522 tibi
592 1475 758 1541 memores,
780 1457 828 1521 nil
849 1474 914 1521 non
937 1455 1089 1523 debemus
1111 1453 1248 1520 Elissae.

317 1589 358 1628 roo
418 1561 556 1629 Nomine
578 1567 677 1644 grata
698 1566 765 1645 tuo,
788 1566 887 1643 grata
908 1561 1037 1644 sororis,
1060 1561 1142 1626 eris!

376 1668 472 1734 Talia
494 1668 618 1734 dicenti
639 1705 685 1715 —
706 1686 812 1748 neque
834 1667 919 1734 enim
942 1687 1016 1750 spes
1040 1667 1147 1732 altera
1168 1669 1275 1732 restat
1297 1701 1342 1710 -

422 1774 578 1858 Credidit,
601 1792 728 1840 errores
751 1774 964 1855 exposuitque
987 1791 1070 1839 suos.

376 1880 488 1959 thue
511 1880 638 1945 domum
661 1879 802 1948 intravit
826 1879 944 1962 Tyrios
965 1879 1082 1945 induta
1104 1883 1249 1961 paratus,

421 1985 543 2067 Incipit
565 1986 707 2051 Aeneas:
730 2023 774 2032 -
797 1991 908 2052 cetera
930 1986 1030 2051 turba
1052 1985 1128 2050 silet
1150 2021 1195 2030 —

318 2117 360 2159 10⁵
376 2092 481 2158 ‘Hanc
503 2091 566 2157 tibi
589 2109 648 2157 cur
669 2093 806 2175 tradam,
829 2091 885 2173 pia
908 2111 1014 2175 causa,
1036 2090 1180 2159 Lavinia
1202 2089 1349 2172 coniumu,

422 2199 486 2264 Est
507 2198 595 2264 mihi.
641 2199 823 2280 consumpsi
845 2197 1026 2281 naufragus
1048 2199 1145 2264 huius
1168 2214 1254 2279 opes.

377 2302 460 2369 Orta
482 2305 571 2386 Tyro
594 2309 654 2389 est,
677 2323 813 2388 regnum
834 2305 962 2386 Libyca
984 2305 1128 2385 possedit
1150 2304 1185 2369 in
1208 2321 1278 2370 ora:

422 2410 526 2494 Quam
548 2429 665 2493 precor
687 2416 726 2476 ut
749 2430 845 2477 carae
866 2429 956 2477 more
978 2410 1097 2476 sororis
1110 2409 1226 2475 ames!

377 2514 494 2581 Omnia
515 2517 691 2600 promittit,
712 2516 895 2597 falsumque
918 2517 1059 2582 Lavinia
1081 2517 1197 2583 volnus

317 2648 360 2687 no
420 2622 533 2688 Mente
554 2621 674 2703 premit
696 2623 810 2706 tacita,
833 2622 1079 2702 dissimulatque
1101 2621 1251 2686 fremens.
1326 2683 1328 2688 .

378 2727 537 2808 Donaque
560 2746 632 2794 cum
655 2728 769 2796 videat
790 2734 924 2810 praeter
946 2747 1005 2793 sua
1026 2727 1150 2792 lumina
1172 2725 1253 2792 ferri

422 2833 530 2899 Multa
551 2835 669 2918 palam,
692 2835 782 2901 mitti
806 2836 889 2901 clam
913 2852 1038 2916 qnoque
1061 2832 1165 2898 multa
1187 2834 1293 2913 putat.

376 2939 448 3005 Non
471 2941 573 3006 habet
596 2946 756 3026 exactum,
780 2943 857 3024 quid
881 2946 968 3025 agat.
1015 2939 1180 3006 furialiter
1203 2938 1281 3021 odit,

420 3045 468 3110 Et
489 3052 588 3128 parat
610 3047 754 3131 insidias,
778 3053 811 3114 et
835 3049 926 3130 cupit
948 3048 1020 3113 ulta
1042 3047 1132 3112 mori.

317 3176 358 3217 ns
373 3152 447 3217 Nox
470 3156 550 3218 erat.
597 3157 675 3219 ante
697 3158 805 3219 torum
828 3156 901 3222 visa
923 3159 974 3221 est
997 3155 1128 3218 adstare
1152 3151 1271 3216 sororis

422 3257 594 3338 Squalenti
617 3259 701 3324 Dido
725 3261 978 3342 sanguinulenta
1001 3277 1092 3326 coma

377 3363 425 3429 Et
448 3363 544 3448 ‘fuge
565 3383 608 3430 ne
631 3366 754 3449 dubita,
777 3372 937 3433 maestum
959 3367 1046 3451 iuge'
1069 3365 1177 3430 dicere
1200 3360 1353 3427 ‘tectuml'

422 3469 489 3535 Sub
513 3472 649 3538 verbum
673 3473 825 3552 querulas
848 3474 968 3554 inpulit
992 3491 1073 3538 aura
1094 3470 1190 3536 fores

378 3576 493 3658 Exilii,
517 3581 552 3642 et
574 3577 671 3646 velox
693 3579 810 3644 humili
832 3598 929 3660 super
952 3597 1034 3644 arva
1055 3576 1202 3641 fenestra

319 3707 361 3746 no
421 3680 463 3748 Se
485 3683 575 3748 iacit.
621 3685 776 3750 audacem
798 3684 924 3750 iecerat
945 3685 1017 3765 ipse
1039 3683 1145 3747 timor.

378 3786 514 3870 Quaque
536 3794 626 3855 metu
649 3791 786 3874 rapitur,
809 3791 922 3856 tunica
944 3788 1058 3856 velata
1080 3787 1226 3852 recincta

315 4000 361 4056 91.
398 4001 462 4056 deos
479 4005 596 4074 counitae]
613 4005 805 4074 diePenuten,
823 4007 869 4062 die
982 4005 1045 4059 102.
1081 4002 1196 4071 errores]
1213 3999 1378 4053 Irrfahrten.

247 4085 277 4122 er
295 4086 345 4123 auu
362 4069 450 4141 Troja
467 4073 683 4144 mit-genommen
700 4077 794 4146 hatte,
812 4076 867 4148 vgl
982 4075 1045 4128 103.
1076 4071 1210 4144 paratas]
1228 4086 1317 4123 accus.
1335 4068 1407 4138 plur.

243 4137 296 4192 No.
310 4138 351 4205 17,
365 4140 390 4193 4.
981 4144 1044 4198 199.
1079 4141 1182 4208 falsum
1195 4137 1470 4208 volnus]dieWunde
1483 4137 1533 4190 dor

316 4208 362 4264 99.
398 4208 496 4283 moras]
515 4211 544 4264 in
557 4212 708 4286 Karthago
726 4215 773 4269 bei
785 4215 867 4269 Dido.
912 4212 1120 4286 eingebildeten
1138 4209 1306 4264 Eifersucht.

313 4278 358 4333 93.
395 4279 429 4334 de
451 4282 545 4351 mone]
575 4282 630 4336 dufl
660 4287 700 4338 sie
728 4284 789 4338 sich
819 4285 869 4338 das
982 4282 1045 4338 111.
1076 4280 1202 4351 practer]
1220 4277 1338 4332 voriiber
1356 4293 1400 4343 an,
1422 4277 1513 4342 ,vor'.

244 4345 342 4401 Leben
361 4349 479 4402 nahmen
498 4350 601 4405 wurde.
982 4351 1044 4407 119.
1080 4349 1209 4418 querulas
1226 4377 1260 4387 —
1276 4346 1360 4416 sores]
1382 4349 1427 4399 eiu
1449 4342 1532 4398 Luft·

313 4418 358 4473 99.
393 4435 429 4475 aa
446 4420 528 4490 refer]
553 4422 648 4491 sprich
672 4423 750 4477 nieht
768 4424 867 4480 daron.
910 4439 966 4494 aug
1000 4422 1111 4492 bewegt
1149 4419 1195 4472 dic
1229 4415 1305 4483 Titr,
1341 4431 1371 4470 so
1401 4413 1456 4468 dai
1492 4413 1533 4466 sic

314 4487 360 4542 tt.
395 4491 479 4559 ratio]
497 4489 562 4543 dein
581 4493 693 4562 eigener
711 4492 806 4548 Willc.
911 4492 1017 4546 knurrt.

313 4555 359 4612 98.
396 4559 867 4634 carpckeniesseinBehagliohkeit.
981 4559 1044 4616 119.
1080 4560 1172 4648 super]
1191 4555 1247 4611 auf.
